2534 4778
270 267 274 270 ·
316 233 377 317 80
418 308 423 319 ,
605 248 874 310 ῑ·-·-··“·--.“··“
1151 263 1240 326 oa.

158 462 160 470 ’
250 457 509 545 instituemus,
537 455 581 524 ut'
595 453 652 521 vir
669 454 751 524 viro
767 467 961 542 occurrat;
982 455 1045 528 sed
1063 469 1118 546 tu,
1142 475 1240 550 quot

250 581 435 628 armorum
451 580 508 643 es,
529 554 675 627 Hama?
697 557 766 624 Ille
782 557 990 648 respondit:
1017 567 1118 628 nunc
1131 576 1239 628 octo-

251 660 371 728 decim
389 681 573 726 annorum
584 679 679 724 sum.
730 659 1125 745 HamaThorfinnum,
1140 675 1237 750 quot

249 783 434 832 annorum
455 770 569 847 esset,
606 757 861 852 interrogavit.
924 758 1014 848 Ille,
1059 761 1162 850 quod
1192 762 1236 830 ad

250 879 398 932 aetatem
423 863 614 943 attineret,
653 863 813 950 aequales
838 861 939 930 inter
963 883 1002 928 se
1026 881 1103 929 esse
1125 859 1233 931 dixit.

250 964 480 1054 Thoriinnus
493 983 578 1028 suos
596 961 800 1046 allocutus,
826 960 981 1032 Rolfum
1004 961 1235 1055 et‘Ringum

246 1063 510 1152 interrogavit,
539 1075 670 1130 utrum
686 1061 829 1154 singuli
845 1061 1018 1130 adversus
1042 1061 1134 1131 duos
1164 1061 1233 1131 ho-

247 1165 370 1232 mines
392 1149 603 1256 depugnare
626 1163 788 1248 vellent,
816 1185 864 1231 an
887 1161 1083 1231 adversum
1106 1162 1231 1233 solum

246 1268 436 1336 Hamam:
460 1263 604 1332 duobus
634 1263 739 1349 enim
758 1264 887 1354 plures
915 1263 1074 1350 habent,
1114 1287 1231 1353 quam

224 1449 229 1454 .,
246 1389 322 1434 nos.
378 1365 420 1454 ,Ii
446 1365 555 1450 ambo
575 1388 650 1432 una
675 1363 923 1454 respondent,
957 1363 1068 1432 mane
1085 1387 1122 1432 se
1141 1385 1229 1432 cum

245 1465 393 1532 duobus
415 1465 584 1558 singulos
613 1465 800 1556 congredi.
866 1465 1100 1534 Thorfinnus
1125 1462 1227 1533 infit:

244 1566 340 1634 bene
365 1583 437 1652 est,
479 1589 539 1634 me
565 1580 603 1633 et
628 1567 791 1634 Hamam
814 1564 980 1635 invicem
1003 1565 1062 1642 (in
1080 1564 1227 1656 praelio)

242 1667 423 1756 aspicere3
452 1666 644 1762 Ingjaldus
653 1665 803 1736 Skarius
816 1667 992 1735 alumnus
1003 1685 1092 1734 cum
1102 1663 1227 1752 Sionio

244 1768 527 1857 congrediatur,
552 1767 682 1860 paucis
700 1765 801 1836 enim
815 1767 976 1836 aliorum
998 1764 1096 1834 vires
1113 1765 1162 1833 ad
1187 1761 1225 1834 id

240 1882 465 1956 suppetent,
488 1871 539 1958 ¹ob
556 1869 768 1963 giganteam
793 1866 992 1938 adversarii
1017 1865 1224 1948 feritatem

242 1968 490 2056 Hrornundus
515 1970 698 2064 gladiator
718 1968 944 2058 furibundus
971 1967 1026 2038 ito
1049 1965 1238 2035 adversus¹

242 2091 349 2154 eum,
376 2069 441 2159 qui
457 2069 592 2138 tertius
607 2070 707 2139 inter
723 2069 948 2140 fortissimos
972 2081 1047 2152 est,
1069 2066 1222 2135 nomine

243 2169 425 2259 Ledium3
442 2169 616 2263 deinceps
631 2172 688 2238 vir
704 2171 782 2240 viro
796 2169 968 2242 adversus
984 2169 1050 2236 ito.
1074 2165 1221 2238 Deinde
1261 2187 1262 2212 ¹

240 2269 555 2364 congrediuntur,
580 2273 716 2344 acriter
735 2284 916 2368 pugnant.
969 2269 1086 2342 Kolus
1103 2267 1221 2338 alum-

203 2449 205 2457 ,
239 2385 353 2455 nus1,
401 2393 487 2440 cum
519 2372 771 2442 adversarium
795 2373 866 2442 sibi
891 2370 1110 2464 oppositum
1138 2390 1220 2460 pro-

237 2471 442 2560 stravisset,
472 2495 554 2561 quae
572 2474 767 2562 primores
785 2473 897 2570 digna
917 2469 1098 2566 memoria
1117 2481 1219 2562 gesta
1260 2509 1261 2540 t

238 2585 312 2656 est,
332 2571 529 2642 confestim
558 2574 786 2662 Thorbjbrni
812 2571 1029 2644 Hornklofio
1057 2565 1231 2639 subsidio

235 2671 341 2741 venit
349 2695 358 2756 ;
396 2675 462 2763 qui
482 2697 570 2744 cum
586 2674 660 2742 duo
680 2675 933 2746 adversarium
959 2675 1039 2761 ejus
1060 2671 1218 2763 impete·

235 2785 344 2859 rent,
370 2773 493 2844 subito
514 2775 611 2848 facta
635 2800 763 2846 rerum
790 2773 1106 2860 commutatione,
1131 2793 1217 2840 eum

235 2873 424 2945 occidunt.
491 2880 594 2966 Tum
627 2875 845 2962 Thorbjbrn
876 2874 988 2948 nouo
1019 2869 1214 2957 succurrit,

235 2971 299 3042 hic
317 2976 420 3045 enim
440 2977 565 3068 gravia
580 2977 751 3064 vulnera,
773 2998 893 3068 pauca
909 2991 1050 3062 tamen,
1067 2994 1215 3064 accepe-

233 3088 310 3160 rat,
335 3076 475 3168 quippe
494 3077 556 3144 cui
573 3093 674 3146 artus
692 3077 796 3148 senio
822 3077 1008 3175 rigerent5
1030 3087 1069 3143 at
1090 3073 1214 3143 adver·

233 3176 373 3244 sarium
402 3200 523 3244 unum
553 3192 814 3274 oppugnantes
837 3191 932 3258 tres,
969 3173 1212 3248 interficiunt.

232 3275 365 3346 Rolfus
380 3281 443 3343 ebs
461 3277 631 3347 hortatus
648 3295 712 3368 est,
734 3293 778 3346 ut
791 3300 908 3369 opem
922 3277 1045 3368 Ringo
1061 3275 1210 3361 ferrent,

234 3377 300 3466 qui
316 3375 434 3446 multa
451 3379 619 3468 quidem,
637 3379 701 3448 sed
719 3379 814 3448 levia
827 3391 1023 3468 acceperat
1040 3377 1210 3456 vulnera;
1257 3397 1258 3436 t

232 3476 284 3544 sic
299 3477 461 3566 faciunt,
487 3499 732 3570 pugnamque
749 3481 852 3548 illico
868 3481 1086 3562 decernunt.
1122 3479 1210 3570 Quae

232 3577 322 3647 dum
356 3594 459 3674 gesta
492 3593 598 3670 sunt,
637 3581 912 3673 Hjalmgrimus
941 3576 1207 3660 adversarium,

232 3701 396 3767 quocum
424 3681 458 3749 ei
486 3704 543 3751 res
570 3699 667 3771 erat,
696 3682 899 3767 devicerat,
939 3703 1014 3771 quo
1043 3679 1142 3748 facto
1165 3673 1208 3745 ad

229 3780 430 3864 Audunem
445 3783 609 3851 sodalem
623 3806 734 3852 suum
753 3806 792 3851 se
809 3781 973 3870 confert,
1004 3781 1134 3868 etjam
1153 3799 1207 3846 oc·

231 3877 362 3949 cidunt
384 3903 493 3970 eum,
524 3907 637 3974 quem
661 3884 834 3956 adversus
861 3879 1110 3952 contendebat
1133 3882 1204 3950 Au·

231 3977 318 4050 dun.
339 4071 342 4078 ¹
372 3984 426 4051 Eo
445 4005 483 4050 se
498 3983 718 4073 conferunt,
742 3985 809 4052 ubi
826 3981 1059 4058 Thoriinnus
1081 3995 1120 4052 et
1134 3983 1205 4052 Ha-

230 4086 490 4100 m*-

270 4110 301 4186 2)
318 4112 428 4166 membr.
450 4089 515 4166 K'oto
525 4112 623 4185 sdotri,
643 4114 719 4167 Koloe
734 4115 863 4185 alumnus,
882 4134 910 4171 v·
927 4133 1013 4187 supra.
