2594 4784
53 307 94 367 c.
119 299 199 369 264.
434 311 700 370 ·.-.-..--.,....-

57 500 214 571 tionem
244 515 352 566 suam
378 494 569 586 pollicitus
604 513 680 587 est,
714 495 826 567 modo
854 495 1055 569 satisfactio

57 600 199 688 aliqua
220 597 322 668 Grisi
337 597 460 666 oblata
474 597 582 668 foret.
644 599 715 668 Cui
742 597 974 669 Hallfredus:
1001 597 1055 668 ita

60 712 173 787 esto,
199 697 346 787 inquitt
363 699 549 791 ’intelligo
564 698 685 788 enim,
715 721 777 766 me
799 721 886 795 erga
903 701 1055 772 Grisem
1128 720 1132 729 ’

62 798 235 871 modum
248 796 352 864 haud
368 800 548 872 terruisse.
564 798 704 868 ·'·Cum
724 823 813 868 vero
839 798 884 869 ad
902 795 1056 869 comitia

64 897 382 971 Hunavatnensie
398 913 556 966 ventum
577 915 691 986 essct,
726 899 892 968 Brandus
909 897 1057 970 Avaldii

62 996 311 1085 {mactator
328 997 522 1086 Kolfinnae‚
536 1000 705 1069 Galtium
715 999 995 1086 Ottarisfilium,
1010 1019 1056 1068 ex

65 1097 316 1168 tabernaculo
334 1098 533 1169 Thorkelis
554 1099 829 1194 egredientem,
854 1099 959 1169 letali
976 1096 1056 1166 vul·

68 1223 165 1270 nere
190 1198 303 1268 feriit.
363 1199 596 1290 Hallfredus,
630 1223 716 1268 cum
739 1200 950 1287 Brendum,
983 1198 1057 1267 fre·

67 1303 143 1370 tris
170 1299 396 1384 occisorem,
426 1301 525 1368 clam
551 1301 621 1370 sibi
656 1301 886 1369 subductum
920 1298 1060 1367 frustra

70 1398 323 1491 quaesivisset,
353 1397 502 1469 Grisem
524 1400 566 1470 in
586 1403 675 1494 ipsis
704 1401 867 1471 comitiis
885 1398 930 1470 ad
956 1398 1059 1468 duel·

68 1503 158 1573 lum
177 1500 346 1573 circense
360 1503 604 1589 provocavit·
638 1507 759 1574 Nocte
783 1515 931 1590 autem,
958 1499 1060 1570 diem

73 1623 154 1692 quo
172 1597 413 1670 decertarent
424 1602 596 1690 proxime
622 1603 888 1690 antecedente,
914 1599 1060 1688 accidit,

71 1719 119 1772 ut
138 1697 355 1769 Hallfredus
371 1701 412 1768 in
432 1703 672 1772 tabernaculo
694 1727 762 1774 suo
784 1700 967 1772 dormiens
993 1721 1061 1789 per

74 1801 251 1894 quietem
276 1799 346 1872 sibi
374 1800 475 1872 visus
508 1804 557 1874 sit
585 1823 717 1896 regem
747 1802 874 1872 videre
899 1801 1061 1870 Oievum

10 1919 11 1988 ξ
76 1901 261 1998 Tryggvii
286 1899 421 1972 filium.
488 1905 628 1972 Putare
656 1927 695 1973 se
727 1903 845 1974 laetari
874 1913 912 1969 et
945 1898 1062 1968 simul

73 2004 363 2102 pertimescere,
390 2023 521 2100 regem
543 2024 631 2074 vero
656 2006 708 2074 ita
732 2027 772 2073 se
789 2001 949 2096 alloquir
976 1999 1063 2069 dor·

75 2105 173 2192 mis,
197 2100 410 2174 Halttrede!
431 2101 589 2196 perinde
614 2113 741 2176 tamen
767 2105 858 2193 erit,
886 2123 928 2172 ec
953 2100 985 2171 si
1007 2099 1063 2169 vi·

75 2203 194 2302 giles5
219 2201 323 2272 haud
335 2201 431 2276 bene
446 2207 557 2274 rebus
575 2207 650 2276 tuis
676 2206 856 2294 consutis,
883 2201 1063 2294 quicum

10 2393 11 2399 ἵ
77 2305 193 2377 Grise
220 2305 334 2372 armis
355 2304 554 2376 decernere
589 2306 851 2392 constitueris,
893 2303 1063 2398 qui-tam

11 2477 12 2484 χ
59 2406 225 2476 malam
241 2403 374 2474 habeas
389 2427 562 2496 causam,
588 2429 675 2478 cum
696 2410 763 2476 ille
785 2429 806 2476 a
831 2405 898 2476 deo
923 2403 1065 2496 petive-

11 2501 14 2588 ζ
76 2509 152 2593 rit,
180 2519 223 2574 ut
242 2505 306 2594 qui
319 2508 408 2594 *jure
429 2508 677 2595 contenderit,
700 2508 871 2598 superior
889 2501 1063 2574 discedat.

81 2613 170 2679 Jam
192 2623 397 2678 manutere
421 2610 598 2678 consilio:
630 2610 718 2679 setis
733 2607 850 2693 haba,
874 2617 1067 2676 certamen

13 2717 14 2720 ’
80 2707 230 2792 omitti,
250 2708 452 2798 potiusque
473 2709 643 2801 culpam,
671 2731 744 2802 qua
768 2707 928 2796 teneris,
953 2725 1067 2798 pecu-

81 2809 149 2878 nia
180 2809 307 2898 expia,
358 2809 472 2879 nihili
503 2810 645 2880 faciens
683 2807 893 2878 timiditatis
924 2803 1068 2874 crimen

15 2951 16 2960 κ
82 2908 201 2997 objici
218 2908 303 2978 tibi.
355 2913 470 2980 Mane
491 2925 625 2990 autem·
637 2911 827 3000 proximo,
861 2905 925 2974 ubi
947 2915 1068 2972 vestes

15 3003 16 3018 ³
81 3009 273 3092 indueris,
303 3009 662 3096 internumerari,
685 3009 791 3100 quie
827 3007 912 3076 loco
935 3001 1068 3090 judicii

81 3122 304 3203 propeest,
330 3133 403 3200 qua
424 3113 568 3180 semitae
584 3119 741 3194 *coeunt3
765 3106 905 3176 videbis
925 3104 980 3176 ibi
1000 3101 1068 3170 ho·

82 3213 212 3282 mines
229 3209 504 3300 adequitantem
538 3216 606 3280 hos
622 3213 664 3280 in
683 3209 920 3298 colloquium*
931 3201 1070 3283 adduc;

85 3310 194 3403 quod
206 3311 239 3382 si
253 3312 366 3381 facies
383 3313 465 3380 fieri
480 3323 621 3401 potest,
647 3323 691 3378 ut
709 3311 781 3378 alia
796 3307 865 3375 tibi
881 3327 938 3375 res
953 3304 1070 3389 majo·
1086 3349 1090 3356 ·

85 3416 140 3482 ris
157 3413 347 3484 momenti
363 3413 553 3502 videatur,
579 3433 693 3502 quam
718 3431 806 3478 cum
821 3405 927 3477 Grise
943 3402 1071 3473 decer·
1127 3491 1129 3496 Ι

86 3531 182 3583 tare.
235 3513 451 3583 Hallfredus
467 3513 756 3608 expergefactus,
779 3525 962 3599 perpenso
979 3501 1072 3594 quid
1136 3579 1140 3592 ,

87 3616 131 3686 in
145 3613 289 3681 somnis
306 3615 375 3683 sibi
393 3614 642 3708 apparuisset,
666 3608 735 3679 uni
758 3631 804 3678 ex
826 3604 1071 3676 contuberna-

88 3718 189 3786 libus
214 3715 559 3804 somniumaperit.
618 3713 654 3781 le
671 3711 773 3778 infit:
800 3715 908 3778 nunc'
928 3701 1073 3794 porcel-

21 3805 22 3814 ἵ
88 3819 176 3888 lum
200 3817 332 3900 times3
365 3814 480 3886 satius
504 3814 577 3884 tibi
599 3813 750 3898 fuisset,
781 3808 885 3900 prius
914 3825 1002 3872 cum
1028 3824 1074 3872 eo

88 3915 345 4006 reconciliari,
380 3909 528 4007 quando
550 3914 700 3984 facilem
727 3931 766 3978 se
788 3910 830 3978 in
851 3905 957 3976 dictis
979 3925 1074 3994 prae·

23 4101 24 4110 ἵ
90 4019 197 4104 buit,
233 4040 335 4084 nunc
360 4040 448 4088 vero
482 4015 720 4090 aestimabunt
747 4006 894 4078 inimici
923 4003 999 4092 tui,
1036 4019 1075 4074 te

23 4115 25 4204 ξ
94 4121 290 4189 decertare
313 4140 389 4190 non
417 4115 565 4187 audere.
628 4113 700 4182 Cui
720 4107 954 4196 Hallfredus:
984 4104 1077 4175 aesti·
