2534 4778
599 209 872 276 m
1107 229 1225 300 ·'c.10.
1260 245 1261 291 ς

252 423 462 502 solitariam
489 420 746 521 ingentemflt
770 420 933 510 lirmiter
951 422 1164 500 fabricatam
1182 432 1227 500 vi·
1260 453 1261 492 }

252 533 317 604 dit:
371 531 454 598 Huc
472 525 575 595 intro
590 525 799 614 se·corripit
813 525 1103 620 adolescentula,
1128 531 1226 618 janu-
1260 555 1261 592 ;

250 653 387 722 amque
415 626 524 701 ostio¹
542 625 683 707 allidit;
724 625 826 716 quod
855 625 986 696 ridens
1019 630 1225 721 Thorstein,
1260 687 1261 692 ,

249 733 399 806 hastam
419 727 461 798 in
483 751 567 796 eam
593 725 773 814 conjecit,
799 749 885 816 quae·
906 727 948 794 in
972 729 1126 814 januam
1151 732 1225 803 aedis
1260 761 1261 764 ¹

250 834 387 922 allapsa
411 842 477 917 est,
500 821 677 923 [eamque
698 827 970 898 transvolaviv.
1033 831 1224 902 Thorstein
1260 857 1261 896 l

251 935 368 1004 aedem
385 927 545 1018 accedit,
570 930 702 1014 intrat,
727 927 873 1016 hastam
888 929 928 996 in
941 929 1158 1019 pavimento
1172 956 1221 1000 re·
1260 957 1261 996 1

249 1034 368 1127 perit,
404 1029 721 1116 adolescentulam
759 1051 867 1116 vero,
905 1035 1140 1122 quacumei
1175 1055 1223 1104 res
1260 1057 1261 1098 l

251 1147 343 1219 erat,
369 1129 544 1220 nuspiam
560 1125 680 1210 videt;
705 1129 794 1200 dum
809 1143 936 1198 autem
949 1129 1129 1202 interiora
1146 1134 1221 1202 aedis
1260 1181 1261 1200 t

248 1233 462 1328 perlustrat,
479 1230 525 1299 ed
543 1231 711 1298 clausum
731 1230 950 1300 cubiculum
968 1234 1148 1324 pervenit,
1167 1234 1222 1302 ubi

247 1337 381 1408 lumen
410 1331 449 1400 in
475 1331 695 1407 candelabro
730 1331 890 1400 ardebat.
924 1331 1157 1402 ‘Tlrorstein
1177 1335 1221 1402 fe·

248 1430 466 1518 minamgsi
485 1431 555 1500 hoc
573 1431 725 1518 nomine
743 1427 963 1524 appellanda
984 1449 1051 1522 est,
1076 1434 1116 1503 in
1136 1435 1220 1502 lecto

248 1536 448 1608 cubantem
482 1531 765 1618 animadvertit,
801 1546 839 1600 et
862 1553 1056 1624 proceram
1083 1551 1120 1608 et
1140 1556 1221 1603 eras·

247 1659 347 1721 sam,
375 1632 584 1721 habituque
601 1635 705 1701 omui
723 1655 768 1699 ex
788 1646 892 1722 parte
911 1632 1098 1726 giganteo,
1126 1636 1220 1706 vasti·

247 1735 373 1810 oribus
390 1733 498 1804 faciei
515 1734 769 1818 line-amentis,
782 1749 967 1822 aspectu*
992 1735 1101 1828 nigro
1131 1748 1166 1802 et
1184 1735 1220 1804 li·

235 1839 349 1922 ind03
380 1859 422 1905 ea
434 1835 582 1904 indusio
599 1833 825 1924 bombycino
840 1833 970 1902 induta
985 1837 1113 1922 jacuit,
1135 1835 1220 1926 quod

245 1936 438 2009 indusium
464 1935 567 2006 haud
591 1935 760 2004 absimile
785 1933 859 2002 fuit
881 1951 995 2024 atque
1014 1936 1045 2004 si
1066 1937 1219 2008 humano

246 2038 423 2131 sangvine
437 2037 561 2106 lotum
584 2051 690 2104 esset.
745 2035 870 2126 Gigas,
896 2057 1030 2126 ¹sopore
1048 2059 1218 2128 oppressa,

245 2137 407 2210 terribili
422 2159 513 2206 sono
529 2135 728 2218 stertebat3
757 2139 913 2226 clypeus
939 2151 978 2204 et
998 2139 1095 2230 ensis
1121 2161 1218 2228 supra

210 2239 212 2244 ’
246 2263 329 2310 earn
364 2238 585 2328 pendebant.
658 2237 883 2326 Thorstein,
923 2237 1106 2326 spondam
1141 2237 1218 2306 lecti

247 2338 521 2424 conscendens,
550 2337 718 2429 gladium
743 2337 902 2428 deripit,
924 2339 1135 2430 vaginaque
1158 2361 1218 2405 nu·

245 2439 327 2522 dat3
363 2454 463 2529 post,
496 2453 597 2506 veste
627 2437 772 2528 giganti
807 2437 987 2524 detracta,
1019 2440 1121 2511 videt
1149 2452 1216 2506 toto

245 2557 400 2630 corpore
416 2537 587 2608 villosam
607 2560 706 2623 esse,
732 2551 867 2628 praeter
889 2561 1010 2608 unum
1027 2539 1217 2632 spatiolum

243 2642 387 2711 subala
406 2639 572 2724 sinistra,
597 2637 715 2732 [quod
734 2661 874 2727 purum
892 2661 970 2708 esse
995 2641 1216 2712 animadver-

242 2745 332 2825 tit³3
356 2742 539 2832 persuasit
555 2740 736 2830 sinnam
760 2739 829 2807 hac
846 2755 972 2830 parte,
997 2757 1063 2810 aut
1085 2738 1214 2811 nullibi

243 2863 378 2932 corpus
396 2842 476 2928 ejus
490 2841 588 2910 ferro
617 2861 725 2930 posse
749 2841 961 2922 vulnerarir
988 2862 1103 2934 quare
1126 2841 1217 2908 huno

228 2941 368 3034 ¹ipsum
392 2941 520 3010 locum
547 2940 671 3030 gladio
708 2940 864 3033 pungit,
897 2939 1011 3030 bullis
1037 2931 1218 3033 manubrii

203 3086 205 3090 -
239 3040 488 3124 incumbens3
509 3041 630 3110 telum
646 3063 733 3109 vero
750 3053 902 3109 tantum·
928 3042 1102 3110 acumine
1127 3041 1217 3108 vale·

239 3141 321 3228 bat,
351 3158 399 3212 ut
429 3161 561 3208 mucro
595 3142 740 3208 culcitas
776 3141 990 3231 inhaereret.
1024 3221 1026 3228 Ι
1057 3142 1217 3212 Excitata

239 3261 370 3312 somno
399 3241 539 3326 vetula,
575 3241 681 3330 quasi
702 3239 898 3321 insomniis
932 3242 1137 3354 exagitata,
1167 3239 1217 3306 in-

241 3355 360 3410 certas
394 3359 537 3408 manus
566 3339 801 3406 circumtulit
789 3355 872 3406 tet
911 3341 1034 3411 stratis
1073 3339 1214 3419 exsiliit.

239 3439 460 3528 Thorstein,
492 3457 572 3508 uno
603 3439 770 3527 corporis
791 3455 868 3506 mot
870 3463 933 3524 u„
955 3455 993 3511 et
1017 3438 1217 3534 exstinguit

238 3543 369 3612 lumen
388 3555 425 3608 et
445 3541 651 3652 gigantem
653 3537 807 3606 inlecto
828 3541 1013 3622 transilite
1038 3537 1105 3611 illa
1135 3561 1215 3610 vero

237 3642 278 3714 in
296 3642 556 3734 pauimentum
577 3661 783 3730 proruens,
811 3641 922 3728 quod
940 3641 1115 3732 putabat,
1141 3663 1215 3737 per·

238 3763 430 3812 cussorem
452 3739 499 3810 ad
523 3741 621 3810 iores
643 3761 682 3810 se
708 3744 906 3828 recepisse,
931 3763 1019 3808 cum
1052 3743 1216 3811 illucve

236 3840 371 3928 nisset,
401 3841 443 3910 in
464 3839 631 3935 gladium
658 3837 821 3928 collapsa
845 3840 990 3931 sopitur
1015 3855 1131 3934 atque
1161 3862 1214 3908 ex·

245 3947 395 3962 *—
398 3947 506 3958 ..ιι-..ω-

276 3994 307 4054 1)
325 3989 445 4038 omittunt
464 3998 513 4037 cet.
532 4005 602 4036 ornn.
657 3981 687 4050 2)
705 3996 771 4046 cura,
793 3986 827 4033 Η.
847 3989 954 4057 insuper
980 3989 1080 4056 nigram
1097 4000 1122 4039 et
1141 3989 1170 4052 L,
1186 3985 1213 4038 B.

236 4075 264 4148 3)
282 4081 401 4131 omittunt
417 4093 517 4127 omnes.
