<?xml version="1.0" encoding="UTF-8"?>
<!DOCTYPE html PUBLIC "-//W3C//DTD XHTML 1.0 Transitional//EN"
    "http://www.w3.org/TR/xhtml1/DTD/xhtml1-transitional.dtd">
<html xmlns="http://www.w3.org/1999/xhtml" xml:lang="en" lang="en">
 <head>
  <title>
</title>
<meta http-equiv="Content-Type" content="text/html;charset=utf-8" />
  <meta name='ocr-system' content='tesseract 3.04.00' />
  <meta name='ocr-capabilities' content='ocr_page ocr_carea ocr_par ocr_line ocrx_word'/>
</head>
<body>
  <div class='ocr_page' id='page_1' title='image "./scriptahistoric01dengoog_0073.png"; bbox 0 0 2594 4784; ppageno 0'>
   <div class='ocr_carea' id='block_1_1' title="bbox 217 199 1225 332">
    <p class='ocr_par' dir='ltr' id='par_1_1' title="bbox 217 199 1225 332">
     <span class='ocr_line' id='line_1_1' title="bbox 217 199 1225 332; baseline 0.002 -44"><span class='ocrx_word' id='word_1_1' title='bbox 217 199 360 310; x_wconf 63' lang='lat' dir='ltr'>gott</span> <span class='ocrx_word' id='word_1_2' title='bbox 493 326 495 332; x_wconf 23' lang='grc' dir='ltr'>Ι</span> <span class='ocrx_word' id='word_1_3' title='bbox 590 211 859 250; x_wconf 87' lang='grc'><em>““··“··“</em></span> <span class='ocrx_word' id='word_1_4' title='bbox 1092 227 1225 296; x_wconf 76' lang='lat' dir='ltr'>oasa</span> 
     </span>
    </p>
   </div>
   <div class='ocr_carea' id='block_1_2' title="bbox 212 421 1229 922">
    <p class='ocr_par' dir='ltr' id='par_1_2' title="bbox 212 421 1229 922">
     <span class='ocr_line' id='line_1_2' title="bbox 242 421 1229 518; baseline -0.002 -20"><span class='ocrx_word' id='word_1_5' title='bbox 242 449 329 498; x_wconf 90' lang='lat' dir='ltr'>eum</span> <span class='ocrx_word' id='word_1_6' title='bbox 345 421 567 518; x_wconf 79' lang='lat' dir='ltr'>fatigaverat</span> <span class='ocrx_word' id='word_1_7' title='bbox 585 422 704 496; x_wconf 84' lang='lat' dir='ltr'>fames</span> <span class='ocrx_word' id='word_1_8' title='bbox 721 433 759 496; x_wconf 85' lang='lat' dir='ltr'>e&#39;t</span> <span class='ocrx_word' id='word_1_9' title='bbox 774 423 855 496; x_wconf 83' lang='lat' dir='ltr'>sitis</span> <span class='ocrx_word' id='word_1_10' title='bbox 872 423 1092 516; x_wconf 79' lang='lat' dir='ltr'>laborisque:</span> <span class='ocrx_word' id='word_1_11' title='bbox 1107 426 1229 496; x_wconf 86' lang='lat' dir='ltr'>mole·</span> 
     </span>
     <span class='ocr_line' id='line_1_3' title="bbox 241 525 1228 618; baseline -0.004 -20"><span class='ocrx_word' id='word_1_12' title='bbox 241 529 327 618; x_wconf 80' lang='lat' dir='ltr'>stis,</span> <span class='ocrx_word' id='word_1_13' title='bbox 353 541 397 598; x_wconf 87' lang='lat' dir='ltr'>ut</span> <span class='ocrx_word' id='word_1_14' title='bbox 409 525 536 596; x_wconf 88' lang='lat' dir='ltr'>animo</span> <span class='ocrx_word' id='word_1_15' title='bbox 562 539 774 596; x_wconf 85' lang='lat' dir='ltr'>commotus</span> <span class='ocrx_word' id='word_1_16' title='bbox 798 527 975 596; x_wconf 83' lang='lat' dir='ltr'>lacrimas</span> <span class='ocrx_word' id='word_1_17' title='bbox 992 525 1153 615; x_wconf 74' lang='lat' dir='ltr'>fundere</span> <span class='ocrx_word' id='word_1_18' title='bbox 1168 527 1228 594; x_wconf 93' lang='lat' dir='ltr'>in-</span> 
     </span>
     <span class='ocr_line' id='line_1_4' title="bbox 242 627 1226 719; baseline 0.001 -22"><span class='ocrx_word' id='word_1_19' title='bbox 242 629 394 719; x_wconf 84' lang='lat' dir='ltr'>ciperet,</span> <span class='ocrx_word' id='word_1_20' title='bbox 421 627 521 718; x_wconf 89' lang='lat' dir='ltr'>quod</span> <span class='ocrx_word' id='word_1_21' title='bbox 532 649 682 698; x_wconf 86' lang='lat' dir='ltr'>amnem</span> <span class='ocrx_word' id='word_1_22' title='bbox 699 627 872 718; x_wconf 84' lang='lat' dir='ltr'>trajicere</span> <span class='ocrx_word' id='word_1_23' title='bbox 885 649 965 696; x_wconf 89' lang='lat' dir='ltr'>non</span> <span class='ocrx_word' id='word_1_24' title='bbox 974 629 1121 716; x_wconf 76' lang='lat' dir='ltr'>‘possea</span> <span class='ocrx_word' id='word_1_25' title='bbox 1145 629 1226 700; x_wconf 88' lang='lat' dir='ltr'>Hac</span> 
     </span>
     <span class='ocr_line' id='line_1_5' title="bbox 212 719 1228 820; baseline 0 -23"><span class='ocrx_word' id='word_1_26' title='bbox 212 730 214 740; x_wconf 89' lang='lat'>&#39;</span> <span class='ocrx_word' id='word_1_27' title='bbox 242 730 394 798; x_wconf 81' lang='lat' dir='ltr'>tristitia</span> <span class='ocrx_word' id='word_1_28' title='bbox 412 744 449 796; x_wconf 88' lang='lat' dir='ltr'>et</span> <span class='ocrx_word' id='word_1_29' title='bbox 464 726 590 797; x_wconf 89' lang='lat' dir='ltr'>dolore</span> <span class='ocrx_word' id='word_1_30' title='bbox 607 728 763 796; x_wconf 85' lang='lat' dir='ltr'>affectus</span> <span class='ocrx_word' id='word_1_31' title='bbox 790 749 925 818; x_wconf 89' lang='lat' dir='ltr'>corpus</span> <span class='ocrx_word' id='word_1_32' title='bbox 950 719 1059 796; x_wconf 86' lang='lat' dir='ltr'>humi</span> <span class='ocrx_word' id='word_1_33' title='bbox 1080 728 1124 796; x_wconf 88' lang='lat' dir='ltr'>in</span> <span class='ocrx_word' id='word_1_34' title='bbox 1143 729 1228 820; x_wconf 87' lang='lat' dir='ltr'>ripa</span> 
     </span>
     <span class='ocr_line' id='line_1_6' title="bbox 244 827 1228 922; baseline -0.006 -20"><span class='ocrx_word' id='word_1_35' title='bbox 244 829 413 902; x_wconf 87' lang='lat' dir='ltr'>fluminis</span> <span class='ocrx_word' id='word_1_36' title='bbox 431 841 464 896; x_wconf 88' lang='lat' dir='ltr'>&#39;e</span> <span class='ocrx_word' id='word_1_37' title='bbox 500 829 653 922; x_wconf 81' lang='lat' dir='ltr'>regione</span> <span class='ocrx_word' id='word_1_38' title='bbox 678 827 898 898; x_wconf 86' lang='lat' dir='ltr'>monasterii</span> <span class='ocrx_word' id='word_1_39' title='bbox 930 829 1154 918; x_wconf 85' lang='lat' dir='ltr'>prosternit,</span> <span class='ocrx_word' id='word_1_40' title='bbox 1186 843 1228 898; x_wconf 91' lang='lat' dir='ltr'>et</span> 
     </span>
    </p>
   </div>
   <div class='ocr_carea' id='block_1_3' title="bbox 144 928 1228 1020">
    <p class='ocr_par' dir='ltr' id='par_1_3' title="bbox 144 928 1228 1020">
     <span class='ocr_line' id='line_1_7' title="bbox 144 928 1228 1020; baseline -0.006 -16"><span class='ocrx_word' id='word_1_41' title='bbox 144 995 148 1004; x_wconf 86' lang='grc'><em>,</em></span> <span class='ocrx_word' id='word_1_42' title='bbox 246 951 376 1000; x_wconf 87' lang='lat' dir='ltr'>somno</span> <span class='ocrx_word' id='word_1_43' title='bbox 397 928 641 1020; x_wconf 81' lang='lat' dir='ltr'>opp1·imitur;</span> <span class='ocrx_word' id='word_1_44' title='bbox 663 928 755 998; x_wconf 85' lang='lat' dir='ltr'>hora</span> <span class='ocrx_word' id='word_1_45' title='bbox 773 928 848 997; x_wconf 87' lang='lat' dir='ltr'>diei</span> <span class='ocrx_word' id='word_1_46' title='bbox 866 940 948 998; x_wconf 88' lang='lat' dir='ltr'>erat</span> <span class='ocrx_word' id='word_1_47' title='bbox 965 930 1098 1015; x_wconf 79' lang='lat' dir='ltr'>tertia3</span> <span class='ocrx_word' id='word_1_48' title='bbox 1128 951 1228 998; x_wconf 89' lang='lat' dir='ltr'>som-</span> 
     </span>
    </p>
   </div>
   <div class='ocr_carea' id='block_1_4' title="bbox 185 1029 1230 4146">
    <p class='ocr_par' dir='ltr' id='par_1_4' title="bbox 185 1029 1230 4146">
     <span class='ocr_line' id='line_1_8' title="bbox 245 1029 1227 1121; baseline -0.004 -19"><span class='ocrx_word' id='word_1_49' title='bbox 245 1053 294 1103; x_wconf 88' lang='lat' dir='ltr'>no</span> <span class='ocrx_word' id='word_1_50' title='bbox 314 1051 514 1121; x_wconf 87' lang='lat' dir='ltr'>oppressus</span> <span class='ocrx_word' id='word_1_51' title='bbox 532 1029 730 1098; x_wconf 87' lang='lat' dir='ltr'>hominem</span> <span class='ocrx_word' id='word_1_52' title='bbox 743 1029 844 1098; x_wconf 88' lang='lat' dir='ltr'>videt</span> <span class='ocrx_word' id='word_1_53' title='bbox 859 1031 907 1098; x_wconf 83' lang='lat' dir='ltr'>ad</span> <span class='ocrx_word' id='word_1_54' title='bbox 923 1035 973 1098; x_wconf 80' lang='lat' dir='ltr'>s‘e·</span> <span class='ocrx_word' id='word_1_55' title='bbox 985 1029 1227 1100; x_wconf 76' lang='lat' dir='ltr'>accedentem</span> 
     </span>
     <span class='ocr_line' id='line_1_9' title="bbox 243 1129 1227 1222; baseline -0.004 -20"><span class='ocrx_word' id='word_1_56' title='bbox 243 1132 302 1202; x_wconf 86' lang='lat' dir='ltr'>his</span> <span class='ocrx_word' id='word_1_57' title='bbox 318 1129 458 1200; x_wconf 87' lang='lat' dir='ltr'>verbis:</span> <span class='ocrx_word' id='word_1_58' title='bbox 483 1130 631 1200; x_wconf 83' lang='lat' dir='ltr'>incaute</span> <span class='ocrx_word' id='word_1_59' title='bbox 649 1129 799 1214; x_wconf 90' lang='lat' dir='ltr'>dormis,</span> <span class='ocrx_word' id='word_1_60' title='bbox 824 1129 967 1222; x_wconf 66' lang='lat' dir='ltr'>inquit,</span> <span class='ocrx_word' id='word_1_61' title='bbox 994 1129 1094 1222; x_wconf 89' lang='lat' dir='ltr'>quod</span> <span class='ocrx_word' id='word_1_62' title='bbox 1110 1132 1140 1200; x_wconf 93' lang='lat' dir='ltr'>si</span> <span class='ocrx_word' id='word_1_63' title='bbox 1150 1154 1227 1198; x_wconf 89' lang='lat' dir='ltr'>am·</span> 
     </span>
     <span class='ocr_line' id='line_1_10' title="bbox 244 1231 1228 1326; baseline -0.003 -23"><span class='ocrx_word' id='word_1_64' title='bbox 244 1255 333 1303; x_wconf 91' lang='lat' dir='ltr'>nem</span> <span class='ocrx_word' id='word_1_65' title='bbox 351 1232 523 1316; x_wconf 82' lang='lat' dir='ltr'>trajicere</span> <span class='ocrx_word' id='word_1_66' title='bbox 547 1231 673 1322; x_wconf 85' lang='lat' dir='ltr'>cupis,</span> <span class='ocrx_word' id='word_1_67' title='bbox 700 1231 890 1303; x_wconf 81' lang='lat' dir='ltr'>confestim</span> <span class='ocrx_word' id='word_1_68' title='bbox 908 1239 1037 1326; x_wconf 78' lang='lat' dir='ltr'>surge,</span> <span class='ocrx_word' id='word_1_69' title='bbox 1050 1247 1148 1300; x_wconf 40' lang='lat' dir='ltr'>&#39;unam</span> <span class='ocrx_word' id='word_1_70' title='bbox 1168 1231 1228 1300; x_wconf 89' lang='lat' dir='ltr'>in·</span> 
     </span>
     <span class='ocr_line' id='line_1_11' title="bbox 244 1331 1228 1423; baseline -0.002 -21"><span class='ocrx_word' id='word_1_71' title='bbox 244 1335 371 1404; x_wconf 89' lang='lat' dir='ltr'>venies</span> <span class='ocrx_word' id='word_1_72' title='bbox 398 1331 444 1400; x_wconf 89' lang='lat' dir='ltr'>ad</span> <span class='ocrx_word' id='word_1_73' title='bbox 468 1334 589 1420; x_wconf 83' lang='lat' dir='ltr'>ripam</span> <span class='ocrx_word' id='word_1_74' title='bbox 611 1332 734 1400; x_wconf 86' lang='lat' dir='ltr'>amnis</span> <span class='ocrx_word' id='word_1_75' title='bbox 756 1331 1100 1423; x_wconf 64' lang='lat' dir='ltr'>naviculam&#39;saquis</span> <span class='ocrx_word' id='word_1_76' title='bbox 1122 1331 1228 1400; x_wconf 89' lang='lat' dir='ltr'>inna-</span> 
     </span>
     <span class='ocr_line' id='line_1_12' title="bbox 243 1427 1226 1527; baseline -0.008 -21"><span class='ocrx_word' id='word_1_77' title='bbox 243 1439 399 1506; x_wconf 83' lang='lat' dir='ltr'>tantem.</span> <span class='ocrx_word' id='word_1_78' title='bbox 454 1436 537 1526; x_wconf 89' lang='lat' dir='ltr'>Quo</span> <span class='ocrx_word' id='word_1_79' title='bbox 557 1427 1104 1527; x_wconf 69' lang='lat' dir='ltr'>viso&#39;expergefaetusfiaums</span> <span class='ocrx_word' id='word_1_80' title='bbox 1121 1434 1226 1502; x_wconf 55' lang='lat' dir='ltr'>‘visus&#39;</span> 
     </span>
     <span class='ocr_line' id='line_1_13' title="bbox 245 1534 1228 1626; baseline -0.006 -22"><span class='ocrx_word' id='word_1_81' title='bbox 245 1535 393 1624; x_wconf 86' lang='lat' dir='ltr'>sibiest,</span> <span class='ocrx_word' id='word_1_82' title='bbox 417 1534 646 1624; x_wconf 77' lang='lat' dir='ltr'>simulatque</span> <span class='ocrx_word' id='word_1_83' title='bbox 661 1537 787 1603; x_wconf 84' lang='lat' dir='ltr'>oculos</span> <span class='ocrx_word' id='word_1_84' title='bbox 804 1535 963 1623; x_wconf 70' lang='lat' dir='ltr'>aperuit,</span> <span class='ocrx_word' id='word_1_85' title='bbox 989 1535 1151 1626; x_wconf 83' lang='lat' dir='ltr'>speciem</span> <span class='ocrx_word' id='word_1_86' title='bbox 1161 1534 1228 1600; x_wconf 50' lang='lat' dir='ltr'>hoa</span> 
     </span>
     <span class='ocr_line' id='line_1_14' title="bbox 247 1633 1228 1726; baseline -0.004 -22"><span class='ocrx_word' id='word_1_87' title='bbox 247 1635 360 1704; x_wconf 86' lang='lat' dir='ltr'>minis</span> <span class='ocrx_word' id='word_1_88' title='bbox 382 1633 706 1718; x_wconf 73' lang='lat' dir='ltr'>animadvertere,</span> <span class='ocrx_word' id='word_1_89' title='bbox 747 1659 861 1726; x_wconf 82' lang='lat' dir='ltr'>quere</span> <span class='ocrx_word' id='word_1_90' title='bbox 884 1635 988 1704; x_wconf 88' lang='lat' dir='ltr'>illico</span> <span class='ocrx_word' id='word_1_91' title='bbox 1010 1641 1163 1726; x_wconf 78' lang='lat' dir='ltr'>&#39;surgens</span> <span class='ocrx_word' id='word_1_92' title='bbox 1186 1633 1228 1700; x_wconf 91' lang='lat' dir='ltr'>in</span> 
     </span>
     <span class='ocr_line' id='line_1_15' title="bbox 247 1733 1228 1826; baseline -0.003 -21"><span class='ocrx_word' id='word_1_93' title='bbox 247 1736 368 1826; x_wconf 85' lang='lat' dir='ltr'>ripam</span> <span class='ocrx_word' id='word_1_94' title='bbox 382 1735 571 1825; x_wconf 83' lang='lat' dir='ltr'>processit,</span> <span class='ocrx_word' id='word_1_95' title='bbox 597 1733 661 1802; x_wconf 90' lang='lat' dir='ltr'>ubi</span> <span class='ocrx_word' id='word_1_96' title='bbox 675 1735 1045 1805; x_wconf 77' lang='lat' dir='ltr'>naviculnmflumini</span> <span class='ocrx_word' id='word_1_97' title='bbox 1059 1737 1228 1805; x_wconf 87' lang='lat' dir='ltr'>innatan-</span> 
     </span>
     <span class='ocr_line' id='line_1_16' title="bbox 248 1837 1229 1926; baseline 0 -23"><span class='ocrx_word' id='word_1_98' title='bbox 248 1851 347 1918; x_wconf 82' lang='lat' dir='ltr'>tem,</span> <span class='ocrx_word' id='word_1_99' title='bbox 372 1857 574 1924; x_wconf 80' lang='lat' dir='ltr'>remosque</span> <span class='ocrx_word' id='word_1_100' title='bbox 597 1838 764 1926; x_wconf 82' lang='lat' dir='ltr'>&#39;stroppis</span> <span class='ocrx_word' id='word_1_101' title='bbox 783 1838 942 1907; x_wconf 81' lang='lat' dir='ltr'>insertos</span> <span class='ocrx_word' id='word_1_102' title='bbox 958 1837 1120 1926; x_wconf 58' lang='lat' dir='ltr'>reperim</span> <span class='ocrx_word' id='word_1_103' title='bbox 1144 1859 1229 1904; x_wconf 89' lang='lat' dir='ltr'>con-</span> 
     </span>
     <span class='ocr_line' id='line_1_17' title="bbox 249 1935 1227 2030; baseline -0.001 -25"><span class='ocrx_word' id='word_1_104' title='bbox 249 1935 394 2005; x_wconf 86' lang='lat' dir='ltr'>scendit</span> <span class='ocrx_word' id='word_1_105' title='bbox 410 1958 542 2004; x_wconf 87' lang='lat' dir='ltr'>navem</span> <span class='ocrx_word' id='word_1_106' title='bbox 560 1935 655 2004; x_wconf 87' lang='lat' dir='ltr'>etin</span> <span class='ocrx_word' id='word_1_107' title='bbox 671 1939 890 2006; x_wconf 85' lang='lat' dir='ltr'>ulteriorem</span> <span class='ocrx_word' id='word_1_108' title='bbox 916 1939 1039 2028; x_wconf 83' lang='lat' dir='ltr'>ripam</span> <span class='ocrx_word' id='word_1_109' title='bbox 1057 1935 1227 2030; x_wconf 75' lang='lat' dir='ltr'>remigat,</span> 
     </span>
     <span class='ocr_line' id='line_1_18' title="bbox 249 2035 1226 2134; baseline -0.004 -29"><span class='ocrx_word' id='word_1_110' title='bbox 249 2039 316 2106; x_wconf 92' lang='lat' dir='ltr'>ubi</span> <span class='ocrx_word' id='word_1_111' title='bbox 332 2037 457 2105; x_wconf 89' lang='lat' dir='ltr'>lembo</span> <span class='ocrx_word' id='word_1_112' title='bbox 469 2035 515 2106; x_wconf 89' lang='lat' dir='ltr'>ad</span> <span class='ocrx_word' id='word_1_113' title='bbox 530 2037 651 2125; x_wconf 84' lang='lat' dir='ltr'>ripam</span> <span class='ocrx_word' id='word_1_114' title='bbox 666 2038 872 2134; x_wconf 79' lang='lat' dir='ltr'>religato,a</span> <span class='ocrx_word' id='word_1_115' title='bbox 890 2039 1006 2108; x_wconf 87' lang='lat' dir='ltr'>fluvio</span> <span class='ocrx_word' id='word_1_116' title='bbox 1016 2037 1226 2124; x_wconf 81' lang='lat' dir='ltr'>ascendens,</span> 
     </span>
     <span class='ocr_line' id='line_1_19' title="bbox 249 2136 1229 2230; baseline -0.005 -22"><span class='ocrx_word' id='word_1_117' title='bbox 249 2154 456 2228; x_wconf 89' lang='lat' dir='ltr'>antequam</span> <span class='ocrx_word' id='word_1_118' title='bbox 473 2136 519 2206; x_wconf 89' lang='lat' dir='ltr'>ad</span> <span class='ocrx_word' id='word_1_119' title='bbox 532 2138 800 2208; x_wconf 87' lang='lat' dir='ltr'>monasterium</span> <span class='ocrx_word' id='word_1_120' title='bbox 813 2139 1041 2230; x_wconf 68' lang='lat' dir='ltr'>perueniret,</span> <span class='ocrx_word' id='word_1_121' title='bbox 1062 2139 1229 2229; x_wconf 86' lang='lat' dir='ltr'>pulcram</span> 
     </span>
     <span class='ocr_line' id='line_1_20' title="bbox 248 2235 1229 2330; baseline -0.004 -21"><span class='ocrx_word' id='word_1_122' title='bbox 248 2240 414 2330; x_wconf 81' lang='lat' dir='ltr'>aliquam</span> <span class='ocrx_word' id='word_1_123' title='bbox 440 2235 596 2310; x_wconf 84' lang='lat' dir='ltr'>domum</span> <span class='ocrx_word' id='word_1_124' title='bbox 616 2237 802 2328; x_wconf 82' lang='lat' dir='ltr'>lapideam</span> <span class='ocrx_word' id='word_1_125' title='bbox 825 2239 1070 2329; x_wconf 79' lang='lat' dir='ltr'>nanciscitur,</span> <span class='ocrx_word' id='word_1_126' title='bbox 1094 2237 1229 2327; x_wconf 81' lang='lat' dir='ltr'>inqua</span> 
     </span>
     <span class='ocr_line' id='line_1_21' title="bbox 248 2339 1227 2431; baseline -0.004 -22"><span class='ocrx_word' id='word_1_127' title='bbox 248 2339 440 2410; x_wconf 78' lang='lat' dir='ltr'>sedentem</span> <span class='ocrx_word' id='word_1_128' title='bbox 474 2341 668 2426; x_wconf 76' lang='lat' dir='ltr'>conspexit</span> <span class='ocrx_word' id='word_1_129' title='bbox 705 2339 827 2410; x_wconf 90' lang='lat' dir='ltr'>virum</span> <span class='ocrx_word' id='word_1_130' title='bbox 864 2345 978 2431; x_wconf 74' lang='lat' dir='ltr'>aetat&#39;e.</span> <span class='ocrx_word' id='word_1_131' title='bbox 995 2351 1227 2431; x_wconf 86' lang='lat' dir='ltr'>provectum,</span> 
     </span>
     <span class='ocr_line' id='line_1_22' title="bbox 252 2438 1229 2534; baseline -0.002 -26"><span class='ocrx_word' id='word_1_132' title='bbox 252 2438 510 2532; x_wconf 82' lang='lat' dir='ltr'>pulcritudine</span> <span class='ocrx_word' id='word_1_133' title='bbox 542 2440 739 2532; x_wconf 77' lang='lat' dir='ltr'>etvultus</span> <span class='ocrx_word' id='word_1_134' title='bbox 756 2441 936 2534; x_wconf 77' lang='lat' dir='ltr'>gravitate</span> <span class='ocrx_word' id='word_1_135' title='bbox 966 2441 1229 2532; x_wconf 63' lang='lat' dir='ltr'>conspicuum</span> 
     </span>
     <span class='ocr_line' id='line_1_23' title="bbox 252 2539 1229 2634; baseline -0.005 -24"><span class='ocrx_word' id='word_1_136' title='bbox 252 2539 529 2632; x_wconf 87' lang='lat' dir='ltr'>quem.Gautus</span> <span class='ocrx_word' id='word_1_137' title='bbox 549 2561 733 2630; x_wconf 81' lang='lat' dir='ltr'>perquam</span> <span class='ocrx_word' id='word_1_138' title='bbox 751 2541 914 2612; x_wconf 87' lang='lat' dir='ltr'>similem</span> <span class='ocrx_word' id='word_1_139' title='bbox 928 2543 974 2634; x_wconf 88' lang='lat' dir='ltr'>ei,</span> <span class='ocrx_word' id='word_1_140' title='bbox 996 2543 1068 2632; x_wconf 55' lang='lat' dir='ltr'>*qui</span> <span class='ocrx_word' id='word_1_141' title='bbox 1085 2540 1152 2610; x_wconf 89' lang='lat' dir='ltr'>sibi</span> <span class='ocrx_word' id='word_1_142' title='bbox 1163 2561 1229 2630; x_wconf 87' lang='lat' dir='ltr'>per</span> 
     </span>
     <span class='ocr_line' id='line_1_24' title="bbox 251 2638 1228 2730; baseline -0.004 -20"><span class='ocrx_word' id='word_1_143' title='bbox 251 2643 430 2710; x_wconf 84' lang='lat' dir='ltr'>somnum</span> <span class='ocrx_word' id='word_1_144' title='bbox 461 2638 720 2730; x_wconf 75' lang='lat' dir='ltr'>apparuisset,</span> <span class='ocrx_word' id='word_1_145' title='bbox 747 2641 941 2730; x_wconf 68' lang='lat' dir='ltr'>judicavit</span> <span class='ocrx_word' id='word_1_146' title='bbox 991 2641 1110 2712; x_wconf 36' lang='lat' dir='ltr'>,Prius</span> <span class='ocrx_word' id='word_1_147' title='bbox 1131 2661 1228 2726; x_wconf 83' lang='lat' dir='ltr'>vero,</span> 
     </span>
     <span class='ocr_line' id='line_1_25' title="bbox 252 2739 1229 2834; baseline -0.002 -24"><span class='ocrx_word' id='word_1_148' title='bbox 252 2741 427 2834; x_wconf 80' lang='lat' dir='ltr'>quemad</span> <span class='ocrx_word' id='word_1_149' title='bbox 444 2739 803 2830; x_wconf 85' lang='lat' dir='ltr'>domum&#39;lapideam</span> <span class='ocrx_word' id='word_1_150' title='bbox 822 2744 1068 2834; x_wconf 75' lang='lat' dir='ltr'>pervenisset,</span> <span class='ocrx_word' id='word_1_151' title='bbox 1094 2741 1158 2810; x_wconf 90' lang='lat' dir='ltr'>hic</span> <span class='ocrx_word' id='word_1_152' title='bbox 1175 2741 1229 2808; x_wconf 84' lang='lat' dir='ltr'>vir</span> 
     </span>
     <span class='ocr_line' id='line_1_26' title="bbox 249 2839 1230 2938; baseline -0.003 -26"><span class='ocrx_word' id='word_1_153' title='bbox 249 2842 428 2938; x_wconf 82' lang='lat' dir='ltr'>ingenua</span> <span class='ocrx_word' id='word_1_154' title='bbox 445 2839 491 2912; x_wconf 87' lang='lat' dir='ltr'>ad</span> <span class='ocrx_word' id='word_1_155' title='bbox 508 2841 738 2932; x_wconf 81' lang='lat' dir='ltr'>precandum</span> <span class='ocrx_word' id='word_1_156' title='bbox 755 2844 980 2936; x_wconf 80' lang='lat' dir='ltr'>procubuit,-</span> <span class='ocrx_word' id='word_1_157' title='bbox 1000 2841 1140 2914; x_wconf 86' lang='lat' dir='ltr'>deinde</span> <span class='ocrx_word' id='word_1_158' title='bbox 1154 2863 1230 2910; x_wconf 88' lang='lat' dir='ltr'>sur-</span> 
     </span>
     <span class='ocr_line' id='line_1_27' title="bbox 250 2941 1230 3029; baseline -0.008 -15"><span class='ocrx_word' id='word_1_159' title='bbox 250 2942 349 3014; x_wconf 80' lang='lat' dir='ltr'>rexit</span> <span class='ocrx_word' id='word_1_160' title='bbox 360 2956 397 3012; x_wconf 90' lang='lat' dir='ltr'>et</span> <span class='ocrx_word' id='word_1_161' title='bbox 413 2941 609 3012; x_wconf 82' lang='lat' dir='ltr'>accedenti</span> <span class='ocrx_word' id='word_1_162' title='bbox 621 2942 667 3012; x_wconf 91' lang='lat' dir='ltr'>ad</span> <span class='ocrx_word' id='word_1_163' title='bbox 679 2941 778 3013; x_wconf 87' lang='lat' dir='ltr'>fores</span> <span class='ocrx_word' id='word_1_164' title='bbox 788 2945 915 3014; x_wconf 80' lang='lat' dir='ltr'>Gau&#39;to&#39;</span> <span class='ocrx_word' id='word_1_165' title='bbox 927 2943 1066 3013; x_wconf 74' lang='lat' dir='ltr'>,olivius</span> <span class='ocrx_word' id='word_1_166' title='bbox 1082 2941 1172 3029; x_wconf 91' lang='lat' dir='ltr'>ibat,</span> <span class='ocrx_word' id='word_1_167' title='bbox 1195 2951 1230 3007; x_wconf 89' lang='lat' dir='ltr'>et</span> 
     </span>
     <span class='ocr_line' id='line_1_28' title="bbox 252 3043 1229 3134; baseline -0.003 -22"><span class='ocrx_word' id='word_1_168' title='bbox 252 3043 384 3112; x_wconf 87' lang='lat' dir='ltr'>danico</span> <span class='ocrx_word' id='word_1_169' title='bbox 402 3063 595 3130; x_wconf 77' lang='lat' dir='ltr'>sermone,</span> <span class='ocrx_word' id='word_1_170' title='bbox 622 3043 722 3134; x_wconf 88' lang='lat' dir='ltr'>quis,</span> <span class='ocrx_word' id='word_1_171' title='bbox 746 3044 847 3114; x_wconf 87' lang='lat' dir='ltr'>unde</span> <span class='ocrx_word' id='word_1_172' title='bbox 867 3051 985 3133; x_wconf 89' lang='lat' dir='ltr'>ess&#39;et,</span> <span class='ocrx_word' id='word_1_173' title='bbox 1003 3059 1052 3114; x_wconf 64' lang='lat' dir='ltr'>⁴et</span> <span class='ocrx_word' id='word_1_174' title='bbox 1073 3066 1147 3134; x_wconf 92' lang='lat' dir='ltr'>quo</span> <span class='ocrx_word' id='word_1_175' title='bbox 1173 3061 1229 3110; x_wconf 91' lang='lat' dir='ltr'>co·</span> 
     </span>
     <span class='ocr_line' id='line_1_29' title="bbox 252 3140 1229 3236; baseline -0.002 -26"><span class='ocrx_word' id='word_1_176' title='bbox 252 3143 411 3236; x_wconf 82' lang='lat' dir='ltr'>gitaret,</span> <span class='ocrx_word' id='word_1_177' title='bbox 436 3143 692 3236; x_wconf 81' lang='lat' dir='ltr'>interrogavit.</span> <span class='ocrx_word' id='word_1_178' title='bbox 748 3144 820 3212; x_wconf 90' lang='lat' dir='ltr'>Cui</span> <span class='ocrx_word' id='word_1_179' title='bbox 840 3145 985 3214; x_wconf 77' lang='lat' dir='ltr'>Gaurus</span> <span class='ocrx_word' id='word_1_180' title='bbox 1003 3166 1156 3214; x_wconf 90' lang='lat' dir='ltr'>omnem</span> <span class='ocrx_word' id='word_1_181' title='bbox 1174 3140 1229 3209; x_wconf 90' lang='lat' dir='ltr'>sui</span> 
     </span>
     <span class='ocr_line' id='line_1_30' title="bbox 250 3242 1228 3340; baseline -0.005 -26"><span class='ocrx_word' id='word_1_182' title='bbox 250 3242 398 3314; x_wconf 86' lang='lat' dir='ltr'>itineris</span> <span class='ocrx_word' id='word_1_183' title='bbox 409 3243 592 3312; x_wconf 85' lang='lat' dir='ltr'>rationem</span> <span class='ocrx_word' id='word_1_184' title='bbox 611 3258 780 3312; x_wconf 84' lang='lat' dir='ltr'>accurate</span> <span class='ocrx_word' id='word_1_185' title='bbox 797 3247 982 3336; x_wconf 69' lang='lat' dir='ltr'>exposuit</span> <span class='ocrx_word' id='word_1_186' title='bbox 1027 3247 1116 3340; x_wconf 69' lang='lat' dir='ltr'>vQuo</span> <span class='ocrx_word' id='word_1_187' title='bbox 1136 3242 1228 3312; x_wconf 87' lang='lat' dir='ltr'>facto</span> 
     </span>
     <span class='ocr_line' id='line_1_31' title="bbox 249 3342 1229 3435; baseline -0.005 -20"><span class='ocrx_word' id='word_1_188' title='bbox 249 3345 301 3431; x_wconf 88' lang='lat' dir='ltr'>is,</span> <span class='ocrx_word' id='word_1_189' title='bbox 337 3343 402 3435; x_wconf 92' lang='lat' dir='ltr'>qui</span> <span class='ocrx_word' id='word_1_190' title='bbox 426 3363 552 3412; x_wconf 86' lang='lat' dir='ltr'>coram</span> <span class='ocrx_word' id='word_1_191' title='bbox 574 3343 721 3431; x_wconf 87' lang='lat' dir='ltr'>aderat,</span> <span class='ocrx_word' id='word_1_192' title='bbox 756 3367 846 3414; x_wconf 87' lang='lat' dir='ltr'>eum</span> <span class='ocrx_word' id='word_1_193' title='bbox 870 3347 1049 3415; x_wconf 84' lang='lat' dir='ltr'>accedens</span> <span class='ocrx_word' id='word_1_194' title='bbox 1077 3342 1229 3415; x_wconf 84' lang='lat' dir='ltr'>comitet</span> 
     </span>
     <span class='ocr_line' id='line_1_32' title="bbox 251 3443 1227 3535; baseline -0.004 -21"><span class='ocrx_word' id='word_1_195' title='bbox 251 3443 428 3515; x_wconf 83' lang='lat' dir='ltr'>salutavit</span> <span class='ocrx_word' id='word_1_196' title='bbox 442 3457 553 3535; x_wconf 86' lang='lat' dir='ltr'>atque</span> <span class='ocrx_word' id='word_1_197' title='bbox 572 3445 760 3514; x_wconf 82' lang='lat' dir='ltr'>osculatus</span> <span class='ocrx_word' id='word_1_198' title='bbox 779 3457 851 3531; x_wconf 89' lang='lat' dir='ltr'>est,</span> <span class='ocrx_word' id='word_1_199' title='bbox 879 3448 981 3515; x_wconf 82' lang='lat' dir='ltr'>etin</span> <span class='ocrx_word' id='word_1_200' title='bbox 1003 3446 1158 3515; x_wconf 89' lang='lat' dir='ltr'>domum</span> <span class='ocrx_word' id='word_1_201' title='bbox 1175 3443 1227 3510; x_wconf 92' lang='lat' dir='ltr'>in·</span> 
     </span>
     <span class='ocr_line' id='line_1_33' title="bbox 251 3542 1228 3638; baseline -0.006 -22"><span class='ocrx_word' id='word_1_202' title='bbox 251 3542 435 3634; x_wconf 87' lang='lat' dir='ltr'>troduxit,</span> <span class='ocrx_word' id='word_1_203' title='bbox 471 3545 610 3614; x_wconf 83' lang='lat' dir='ltr'>dicens:</span> <span class='ocrx_word' id='word_1_204' title='bbox 641 3543 705 3614; x_wconf 90' lang='lat' dir='ltr'>hic</span> <span class='ocrx_word' id='word_1_205' title='bbox 730 3543 775 3614; x_wconf 88' lang='lat' dir='ltr'>ad</span> <span class='ocrx_word' id='word_1_206' title='bbox 800 3567 994 3636; x_wconf 87' lang='lat' dir='ltr'>vesperam</span> <span class='ocrx_word' id='word_1_207' title='bbox 1014 3545 1174 3638; x_wconf 88' lang='lat' dir='ltr'>quiesce,</span> <span class='ocrx_word' id='word_1_208' title='bbox 1195 3559 1228 3610; x_wconf 87' lang='lat' dir='ltr'>et</span> 
     </span>
     <span class='ocr_line' id='line_1_34' title="bbox 251 3639 1228 3738; baseline -0.006 -22"><span class='ocrx_word' id='word_1_209' title='bbox 251 3657 349 3716; x_wconf 89' lang='lat' dir='ltr'>n&#39;ova</span> <span class='ocrx_word' id='word_1_210' title='bbox 374 3665 420 3716; x_wconf 86' lang='lat' dir='ltr'>ex</span> <span class='ocrx_word' id='word_1_211' title='bbox 444 3643 630 3738; x_wconf 85' lang='lat' dir='ltr'>Norvegia</span> <span class='ocrx_word' id='word_1_212' title='bbox 647 3642 761 3728; x_wconf 79' lang='lat' dir='ltr'>refer3</span> <span class='ocrx_word' id='word_1_213' title='bbox 794 3641 935 3717; x_wconf 57' lang='lat' dir='ltr'>&#39;deinde‘</span> <span class='ocrx_word' id='word_1_214' title='bbox 957 3661 994 3715; x_wconf 89' lang='lat' dir='ltr'>te</span> <span class='ocrx_word' id='word_1_215' title='bbox 1026 3645 1072 3714; x_wconf 88' lang='lat' dir='ltr'>ad</span> <span class='ocrx_word' id='word_1_216' title='bbox 1102 3639 1228 3714; x_wconf 88' lang='lat' dir='ltr'>urbem</span> 
     </span>
     <span class='ocr_line' id='line_1_35' title="bbox 185 3738 1225 3842; baseline -0.008 -26"><span class='ocrx_word' id='word_1_217' title='bbox 185 3768 187 3779; x_wconf 60' lang='lat'>¹</span> <span class='ocrx_word' id='word_1_218' title='bbox 252 3738 1225 3842; x_wconf 84' lang='lat' dir='ltr'>(monasterium)deducam,causamquetuamorabo.</span> 
     </span>
     <span class='ocr_line' id='line_1_36' title="bbox 252 3831 1228 3940; baseline -0.007 -22"><span class='ocrx_word' id='word_1_219' title='bbox 252 3845 402 3918; x_wconf 87' lang='lat' dir='ltr'>Deinde</span> <span class='ocrx_word' id='word_1_220' title='bbox 420 3835 577 3936; x_wconf 79' lang='lat' dir='ltr'>pulclier</span> <span class='ocrx_word' id='word_1_221' title='bbox 592 3831 662 3915; x_wconf 78' lang='lat' dir='ltr'>‘ille</span> <span class='ocrx_word' id='word_1_222' title='bbox 681 3845 737 3914; x_wconf 83' lang='lat' dir='ltr'>vir</span> <span class='ocrx_word' id='word_1_223' title='bbox 762 3847 807 3915; x_wconf 88' lang='lat' dir='ltr'>de</span> <span class='ocrx_word' id='word_1_224' title='bbox 830 3845 984 3940; x_wconf 84' lang='lat' dir='ltr'>dynasta</span> <span class='ocrx_word' id='word_1_225' title='bbox 1007 3845 1134 3917; x_wconf 80' lang='lat' dir='ltr'>Eirilro</span> <span class='ocrx_word' id='word_1_226' title='bbox 1161 3847 1228 3913; x_wconf 85' lang='lat' dir='ltr'>Ha·</span> 
     </span>
     <span class='ocr_line' id='line_1_37' title="bbox 252 3945 1228 4042; baseline -0.006 -26"><span class='ocrx_word' id='word_1_227' title='bbox 252 3947 363 4018; x_wconf 71' lang='lat' dir='ltr'>lionis</span> <span class='ocrx_word' id='word_1_228' title='bbox 385 3948 479 4042; x_wconf 80' lang='lat' dir='ltr'>lilio,</span> <span class='ocrx_word' id='word_1_229' title='bbox 505 3966 541 4019; x_wconf 85' lang='lat' dir='ltr'>et</span> <span class='ocrx_word' id='word_1_230' title='bbox 559 3947 702 4038; x_wconf 70' lang='lat' dir='ltr'>Stante,</span> <span class='ocrx_word' id='word_1_231' title='bbox 728 3945 843 4014; x_wconf 81' lang='lat' dir='ltr'>fratre</span> <span class='ocrx_word' id='word_1_232' title='bbox 861 3950 962 4035; x_wconf 72' lang='lat' dir='ltr'>eju‘S,</span> <span class='ocrx_word' id='word_1_233' title='bbox 990 3947 1136 4036; x_wconf 84' lang='lat' dir='ltr'>etquid</span> <span class='ocrx_word' id='word_1_234' title='bbox 1153 3967 1228 4036; x_wconf 81' lang='lat' dir='ltr'>agc-</span> 
     </span>
     <span class='ocr_line' id='line_1_38' title="bbox 252 4045 1227 4146; baseline -0.007 -28"><span class='ocrx_word' id='word_1_235' title='bbox 252 4061 366 4140; x_wconf 89' lang='lat' dir='ltr'>rent,</span> <span class='ocrx_word' id='word_1_236' title='bbox 383 4045 585 4146; x_wconf 68' lang='lat' dir='ltr'>requisivit,</span> <span class='ocrx_word' id='word_1_237' title='bbox 639 4046 901 4144; x_wconf 79' lang='lat' dir='ltr'>QuosGautus</span> <span class='ocrx_word' id='word_1_238' title='bbox 924 4047 1144 4136; x_wconf 86' lang='lat' dir='ltr'>jamdudum</span> <span class='ocrx_word' id='word_1_239' title='bbox 1162 4045 1227 4114; x_wconf 86' lang='lat' dir='ltr'>vita</span> 
     </span>
    </p>
   </div>
   <div class='ocr_carea' id='block_1_5' title="bbox 0 0 1308 4784">
    <p class='ocr_par' dir='ltr' id='par_1_5' title="bbox 0 0 1308 4784">
     <span class='ocr_line' id='line_1_39' title="bbox 0 0 1308 4784; baseline 0 0"><span class='ocrx_word' id='word_1_240' title='bbox 0 0 1308 4784; x_wconf 95' lang='lat' dir='ltr'> </span> 
     </span>
    </p>
   </div>
  </div>
 </body>
</html>
