2594 4784
260 226 370 316 >68
600 245 869 306 m
991 210 995 222 Ι
1118 239 1240 327 or.

222 505 224 510 .
249 481 330 526 cua.
384 458 475 550 Quae
493 477 581 522 cum
603 447 888 524 Audunicornu
914 449 1078 527 ferinum
1092 456 1240 550 vesperi

246 555 500 649 propinasset,
520 555 609 644 ille,
631 561 748 620 manu
764 553 845 641 ejus
867 575 954 624 cum
972 576 1088 627 cornu
1108 578 1240 650 arrep-

246 672 306 724 ta:
332 673 506 744 venusta,
529 655 673 746 inquit,
701 653 837 722 mulier
861 677 920 743 es,
947 655 1118 750 mihique
1136 659 1239 730 mire

246 759 389 848 places5
409 783 482 848 qua
494 781 556 842 re,
581 757 613 824 si
635 756 772 843 volupe
794 753 863 820 tibi
878 768 945 842 est,
972 754 1042 824 hac
1058 771 1103 826 ut
1120 773 1238 827 nocte

247 859 347 948 apud
362 875 400 927 te
418 857 625 938 dormiam,
650 854 753 922 hunc
783 875 853 946 ego
877 855 969 944 tibi,
996 879 1109 946 quem
1133 853 1235 926 inihi

245 981 311 1026 rex
329 959 431 1029 dedit
440 958 636 1044 annulum,
656 956 872 1044 multasque
885 955 1039 1046 insuper
1054 979 1114 1028 res
1127 959 1234 1047 alias,

246 1059 277 1126 si
297 1059 466 1149 accipere
486 1058 559 1144 vis,
582 1057 742 1126 donabo.
796 1054 1010 1147 Respondet
1026 1057 1111 1126 illa':
1136 1055 1232 1147 haec,

244 1175 347 1250 puto,
372 1183 417 1227 ex
434 1159 562 1228 animo
579 1175 644 1226 tuo
661 1180 740 1226 non
764 1155 1063 1247 proficiscuntur,
1090 1158 1232 1250 quippe

245 1260 308 1350 qui
325 1261 442 1328 nimio
463 1261 549 1328 vino
565 1257 786 1342 incalueris3
811 1257 880 1325 tibi
900 1270 1029 1326 autem
1045 1259 1231 1344 irascetur

241 1384 320 1446 rex,
341 1361 372 1428 si
394 1361 527 1429 isthaec
547 1357 747 1427 resciverit.
801 1357 940 1428 Audun
958 1373 1108 1428 contra:
1132 1359 1231 1428 istoc

240 1461 338 1529 nihil
352 1485 491 1547 moror,
514 1460 625 1528 modo
643 1459 856 1528 consentire
874 1457 978 1530 velis,
1028 1457 1112 1549 Illa,
1141 1481 1229 1530 con·

242 1577 367 1654 specto
395 1561 557 1646 annulo,
592 1582 682 1628 cum
707 1557 924 1650 splendidus
955 1558 992 1627 ei
1020 1559 1225 1646 videretur,

239 1663 344 1734 iniit:
388 1661 567 1751 quoniam
598 1673 642 1728 tu
676 1659 772 1728 mihi
799 1660 899 1728 bene
928 1659 1073 1750 places,
1101 1664 1225 1736 ‘modo

240 1764 353 1832 celari
376 1784 435 1830 res
460 1761 597 1854 possit,
627 1762 865 1829 voluntatem
886 1771 993 1828 tuam
1017 1761 1224 1852 perficiam,

239 1864 270 1931 si
303 1862 403 1954 quod
435 1862 570 1930 dedero
600 1861 800 1929 consilium
825 1859 1051 1952 exsequeris.
1125 1863 1223 1931 Cum

237 1965 352 2030 tertia
374 1983 457 2054 pars
480 1963 603 2032 noctis
627 1961 852 2052 processerit
884 1983 1113 2054 gynaeceum
1145 1985 1223 2032 me·

237 2087 305 2131 um
326 2063 447 2148 adito,
482 2083 552 2154 ego
582 2083 669 2129 vero
693 2062 849 2148 curabo,
869 2063 1010 2130 ostium
1030 2064 1128 2154 sepis
1152 2063 1221 2154 lig-

236 2186 318 2232 neae
341 2177 515 2254 apertum
541 2177 584 2229 ut
609 2163 675 2249 sit,
714 2175 753 2230 et
777 2175 854 2232 tres
884 2161 960 2230 illae
985 2161 1099 2251 fores,
1136 2187 1219 2254 quae
1274 2197 1275 2212 2

236 2281 322 2332 ante
353 2283 578 2356 gynaeceum
608 2277 696 2330 sunt
704 2314 829 2332 .......
844 2277 872 2347 ¹,
914 2283 1074 2352 eamque
1100 2262 1219 2358 digre-

236 2363 341 2433 diens
357 2365 558 2432 osculatur.
619 2362 764 2456 Deinde
781 2363 995 2454 Ingibjarga
1013 2361 1217 2448 Thorbjor-

233 2485 326 2534 nem
346 2465 611 2561 Hornkiofium
634 2464 765 2560 eodem
790 2486 865 2554 quo
880 2467 1084 2534 Audunem
1103 2465 1216 2532 modo

233 2564 332 2652 adit,
358 2581 470 2654 atque
497 2566 638 2633 eisdem
664 2564 787 2634 verbis
803 2567 903 2634 inter
920 2587 960 2632 se
986 2563 1215 2656 colloquun—
1273 2609 1274 2618 ι

232 2664 560 2778 tur,eotandem
583 2667 675 2752 fine,
705 2666 968 2756 ut1suoque
991 2683 1215 2762 gynoeceum
1273 2627 1274 2715 1

233 2767 336 2866 ejus,
371 2766 690 2856 quemadmodum
714 2766 825 2879 alter,
848 2766 982 2834 visitet.
1035 2766 1211 2853 (Deinde)

87 2883 94 2900 ·
181 2931 186 2940 ,
231 2856 410 2936 Olverem
433 2867 603 2936 Hnufarn
630 2866 724 2953 adit,
759 2867 824 2956 qui
850 2889 935 2934 eam
962 2863 1112 2952 eodem,
1138 2889 1210 2959 quo
1272 2891 1273 2898 ¹

228 2966 364 3054 ceteri,
397 2966 509 3036 modo
538 2965 695 3058 excepit
757 2965 793 3033 Is
816 2965 889 3034 fuit
911 2967 967 3034 rei
994 2967 1134 3056 exitus,
1171 2979 1212 3036 ut

226 3085 294 3134 suo
319 3088 479 3156 qursque
493 3067 641 3134 annulo
661 3089 743 3135 eam
767 3065 938 3154 donaret,
964 3083 1058 3158 quos
1080 3086 1210 3136 omnes

224 3166 387 3258 accepit,
413 3187 567 3260 rogans,
593 3180 637 3232 ut
656 3165 797 3234 adesset
826 3155 958 3250 Olver,
985 3190 1072 3237 cum
1099 3168 1209 3236 tertia
1271 3249 1272 3256 ἵ

222 3287 307 3358 pars
327 3267 446 3334 noctis
460 3280 679 3380 superesset
741 3265 820 3348 Illi,
846 3265 1117 3337 consiliorum
1107 3284 1208 3337 mter

224 3385 262 3434 se
294 3387 372 3434 non
395 3368 551 3456 conscii,
586 3381 718 3434 votum
746 3369 906 3458 quisque
930 3388 1042 3438 suum
1073 3368 1206 3437 animis

221 3466 500 3558 praecipiebant.
570 3464 667 3534 Cum
693 3489 780 3534 vero
809 3491 852 3536 ea
873 3469 1042 3537 cubitum
1066 3469 1204 3556 ivisset,

219 3567 334 3636 multi
364 3567 606 3636 convivarum
635 3568 902 3660 remanebant,
942 3585 1057 3660 atque
1083 3571 1204 3640 multo
1270 3567 1271 3648 1

219 3666 297 3752 jam
314 3667 399 3736 vino
415 3667 608 3754 inebriati,
636 3687 711 3758 quo
733 3668 891 3758 quisque
917 3670 999 3741 ioco
1023 3683 1102 3738 erat
1120 3693 1203 3740 con·

220 3763 394 3856 stitutus,
421 3767 691 3838 obdormivere.
744 3769 869 3837 Poetae
894 3789 1202 3885 quoquereman
1269 3851 1270 3854 Ἴ

219 3891 320 3954 sere,
352 3883 466 3958 atque
491 3868 719 3962 vigilabant·
759 3868 819 3938 his
844 3871 947 3942 enim
975 3869 1102 3940 animo
1125 3893 1201 3942 non

223 3969 491 3986 -ι--ῲ

260 4015 286 4082 ¹)
306 4014 423 4065 lacuna*
415 4033 444 4063 m
463 4012 584 4062 omnibus
604 4033 692 4082 mser,
713 4017 743 4094 ir.
763 4015 792 4068 in
811 4013 921 4071 membr.
941 4013 1005 4086 544,
1027 4018 1123 4072 lineam
1140 4018 1199 4090 ple

214 4123 273 4155 narn
291 4107 441 4174 impressam
461 4119 514 4152 non
532 4120 682 4170 exequens.
1129 4103 1130 4107 ¹
