2534 4778
450 295 716 312 m..
951 235 1005 322 17

60 465 134 533 Sic
154 463 261 534 iecit.
316 465 397 532 Jam
414 458 663 550 Thqrfinnirs,
689 459 783 530 inita
800 483 885 531 eum
904 455 1066 536 Audune¹

61 567 272 651 societate,
301 562 416 632 simul
434 579 521 630 curn
537 585 581 631 eo
598 561 734 656 pergit,
757 585 875 654 usque
887 587 930 632 eo
946 564 1065 636 donec

63 667 252 762 Steigam
287 664 330 735 in
353 663 668 734 Gudbrandsdalis
693 679 965 754 pervenerunt,
999 669 1065 736 ubi

60 775 210 856 poetas
236 778 491 860 repererunt,
512 777 550 831 et
578 789 744 835 unacum
764 765 821 834 his
843 767 999 835 Rolfum
1027 786 1065 836 et

60 870 268 963 Ringum3
306 888 395 934 mox
429 875 560 934 omnes
592 889 668 936 una
695 865 1064 962 duodequadraginta

61 968 144 1038 viri
166 971 359 1049 orientem
379 979 525 1052 versus,
548 991 620 1058 qua
639 967 767 1034 ferunt
785 968 932 1054 itinera,
958 969 1064 1059 equi-

61 1081 177 1156 tant,
203 1067 374 1160 principe
395 1066 594 1160 legationis
616 1068 845 1160 Thoriiuno,
872 1084 987 1160 prout
1001 1095 1063 1138 ve-

59 1171 154 1236 tula
187 1168 424 1260 praeceperat.
571 1169 573 1176 ⁴
894 1251 897 1258 Ι
1048 1171 1051 1176 ’

122 1265 266 1362 Capi.
323 1271 420 1340 'Rex
445 1269 651 1360 Haraidus,
689 1273 852 1341 cumira
876 1267 912 1336 ei
939 1269 1062 1344 deces-

59 1383 193 1460 serat,
227 1370 393 1466 cognito,
425 1385 554 1462 poetas
577 1373 795 1462 discessisse,
830 1387 943 1460 atque
969 1391 1061 1440 una-

61 1493 166 1540 cum
193 1471 252 1540 his
268 1471 462 1560 praefectos
486 1495 572 1543 suos
595 1474 637 1542 in
658 1475 809 1544 infestas
833 1472 999 1566 regiones
1021 1489 1060 1542 et

59 1572 244 1664 pericula
268 1571 309 1640 se
335 1573 555 1660 conjecisse,
580 1583 685 1643 tanta
711 1573 885 1643 incensus
906 1588 962 1642 est
990 1575 1058 1664 ira,

60 1685 112 1739 ut
127 1673 336 1765 missisper
353 1685 472 1742 totam
492 1669 715 1768 Norvegia'm
741 1675 904 1760 nuntiis,
933 1677 1058 1765 copias

61 1787 267 1861 evocaret,
301 1773 382 1863 ipse
394 1774 579 1844 inanimo
597 1773 748 1861 habena,
775 1773 1057 1864 cumprimum

60 1887 270 1965 appeteret
298 1888 426 1962 aestas,
454 1899 542 1944 curn
572 1874 779 1967 Upplandis
808 1887 846 1942 et
872 1874 1059 1946 Thrandis
1092 1915 1094 1929 ι

58 1973 108 2042 in
119 1975 294 2044 Svecia'm
312 1975 552 2064 descendere,
581 1975 682 2068 quod
701 1975 770 2045 sibi
793 1977 1055 2068 persuadebat,

59 2083 226 2144 'suorum
240 2076 341 2145 necis
352 2077 537 2146 ultionem
552 2078 604 2146 ab'
617 2076 696 2160 eius
710 2079 816 2172 regni
831 2079 965 2146 incolis
976 2101 1056 2147 esse

58 2176 326 2266 repetendam.
389 2177 555 2248 Advocat
578 2202 623 2248 ex
644 2178 806 2268 Halogia
824 2177 1056 2249 'l‘horolfum

60 2277 256 2346 Kveldulfi
288 2275 413 2348 filiurn
456 2292 493 2348 et
526 2279 732 2371 sigurdum
771 2277 817 2346 de
854 2275 1053 2368 sandneso,

58 2378 328 2470 Rbgnvaldum
369 2379 414 2448 de
445 2379 586 2468 Micia,
624 2380 840 2470 multosque
875 2379 967 2446 alios
1008 2403 1054 2448 ex

59 2498 187 2570 regno
214 2478 381 2562 boreali3
424 2480 489 2548 sed
515 2503 560 2548 ex
586 2480 695 2574 regni
728 2479 898 2572 partibus
935 2482 1055 2549 meri-

63 2577 281 2650 dionalibus
311 2579 534 2666 Asbjtrnem
566 2579 741 2652 Hamaris
756 2621 778 2632 -
793 2579 1051 2670 splendorem*

57 2679 109 2746 ab
143 2679 409 2769 Heidmarkia,
445 2682 665 2775 Eysteinem
688 2680 948 2776 E'gdaforku'm
980 2680 1053 2764 (iu-

59 2794 164 2847 stem
192 2779 457 2874 Agdensium)‚
494 2782 714 2874 multosque
746 2795 920 2873 potentes
958 2784 1053 2850 viros

59 2902 112 2946 ex
146 2880 363 2972 Upplarrdis.
430 2882 601 2954 Eirikum
635 2883 759 2952 filium
784 2903 897 2949 suum
933 2882 1050 2972 copiis

58 2981 257 3050 navalibus
279 2980 468 3072 praefecit,
496 2984 561 3076 qui
579 2984 766 3053 orientem
788 3001 914 3070 versus
933 2981 974 3048 in
989 2980 1050 3048 Vi-

56 3079 165 3148 kiam
188 3097 437 3170 transvectus,
461 3083 502 3152 in
524 3084 704 3154 Gothiam
730 3081 965 3176 escenderet,
991 3083 1049 3150 in-

59 3179 185 3270 deque
224 3183 320 3280 agris
362 3184 607 3276 depopulatis
640 3187 682 3254 in
716 3185 885 3256 Sveciam
925 3182 1050 3272 copias

59 3280 229 3351 duceret.
307 3285 450 3352 Praeter
489 3286 661 3356 Eirikum
707 3285 822 3375 copiis
856 3284 1050 3377 nayalibus

56 3381 263 3470 praefectus
281 3394 337 3452 est
357 3386 616 3477 Rbgnvaldus,
642 3386 795 3478 dynasta
819 3384 1046 3473 Maeriarum,

56 3496 96 3548 et
138 3483 341 3553 Thrandus
380 3483 609 3577 Musripula,
653 3484 897 3558 Hromundus
939 3483 1048 3554 Gull-

54 3598 201 3654 tarmus
224 3584 450 3670 (auridensr)
471 3608 515 3656 ex
536 3589 679 3684 Sogno‚
703 3587 884 3680 Eysteinn
899 3586 1047 3672 Haetius

53 3684 325 3769 (minaxwab
341 3687 488 3774 Vorsia,
531 3703 569 3756 et
590 3689 703 3758 multi
726 3688 788 3755 alii
803 3684 954 3753 athletae
971 3687 1046 3753 Ha-

52 3783 154 3852 raldi
172 3784 282 3878 regis.
339 3786 464 3878 Copiae
478 3788 626 3857 navales
642 3789 682 3858 in
691 3785 982 3859 Eikundasundo
998 3788 1044 3857 ab

96 3941 134 4005 ¹)
153 3937 264 3992 membr.
288 3937 352 4013 Cap.
374 3941 405 4006 3,
426 3939 459 3991 de
479 3939 593 3992 Haraldo
613 3957 674 4010 rege
700 3952 725 3992 et
750 3943 834 4010 poetis
858 3939 914 4004 ejus
932 3939 1043 3991 berum-

52 4048 105 4098 que
137 4027 289 4084 comitibus.
359 4027 389 4098 2)
405 4027 556 4082 omittC·
599 4024 628 4102 3)
646 4033 757 4086 membr.
779 4033 928 4087 Grdlranius
952 4031 1042 4100 (aureo

51 4123 162 4188 matra).
204 4115 362 4189 ⁴)memb1·.
382 4121 458 4188 dviii,
484 4120 568 4176 albus.
