<?xml version="1.0" encoding="UTF-8"?>
<!DOCTYPE html PUBLIC "-//W3C//DTD XHTML 1.0 Transitional//EN"
    "http://www.w3.org/TR/xhtml1/DTD/xhtml1-transitional.dtd">
<html xmlns="http://www.w3.org/1999/xhtml" xml:lang="en" lang="en">
 <head>
  <title>
</title>
<meta http-equiv="Content-Type" content="text/html;charset=utf-8" />
  <meta name='ocr-system' content='tesseract 3.04.00' />
  <meta name='ocr-capabilities' content='ocr_page ocr_carea ocr_par ocr_line ocrx_word'/>
</head>
<body>
  <div class='ocr_page' id='page_1' title='image "./scriptahistoric01dengoog_0199.png"; bbox 0 0 2514 4782; ppageno 0'>
   <div class='ocr_carea' id='block_1_1' title="bbox 243 203 1176 334">
    <p class='ocr_par' dir='ltr' id='par_1_1' title="bbox 243 203 1176 334">
     <span class='ocr_line' id='line_1_1' title="bbox 243 203 1176 334; baseline 0.015 -15"><span class='ocrx_word' id='word_1_1' title='bbox 243 229 336 320; x_wconf 86' lang='grc'><strong>186</strong></span> <span class='ocrx_word' id='word_1_2' title='bbox 530 203 822 292; x_wconf 42' lang='grc'><strong>·““··’··“·’</strong></span> <span class='ocrx_word' id='word_1_3' title='bbox 986 268 1176 334; x_wconf 82' lang='lat' dir='ltr'><strong>·c.7.</strong></span> 
     </span>
    </p>
   </div>
   <div class='ocr_carea' id='block_1_2' title="bbox 92 457 1256 2784">
    <p class='ocr_par' dir='ltr' id='par_1_2' title="bbox 92 457 1256 2784">
     <span class='ocr_line' id='line_1_2' title="bbox 179 457 1178 552; baseline 0.008 -22"><span class='ocrx_word' id='word_1_4' title='bbox 179 457 227 530; x_wconf 80' lang='lat' dir='ltr'><strong>ed</strong></span> <span class='ocrx_word' id='word_1_5' title='bbox 244 471 451 552; x_wconf 82' lang='lat' dir='ltr'><strong>utrumque</strong></span> <span class='ocrx_word' id='word_1_6' title='bbox 469 457 666 530; x_wconf 85' lang='lat' dir='ltr'><strong>scamnum</strong></span> <span class='ocrx_word' id='word_1_7' title='bbox 689 457 847 533; x_wconf 77' lang='lat' dir='ltr'><strong>stobent.</strong></span> <span class='ocrx_word' id='word_1_8' title='bbox 872 461 875 470; x_wconf 80' lang='grc'>’</span> <span class='ocrx_word' id='word_1_9' title='bbox 898 463 1058 537; x_wconf 47' lang='lat' dir='ltr'><strong>*nussam</strong></span> <span class='ocrx_word' id='word_1_10' title='bbox 1076 468 1178 538; x_wconf 82' lang='lat' dir='ltr'><strong>Fro-</strong></span> 
     </span>
     <span class='ocr_line' id='line_1_3' title="bbox 178 561 1178 656; baseline 0.008 -26"><span class='ocrx_word' id='word_1_11' title='bbox 178 563 271 630; x_wconf 86' lang='lat' dir='ltr'><strong>stius</strong></span> <span class='ocrx_word' id='word_1_12' title='bbox 285 562 435 632; x_wconf 84' lang='lat' dir='ltr'><strong>fortiter</strong></span> <span class='ocrx_word' id='word_1_13' title='bbox 449 561 615 654; x_wconf 81' lang='lat' dir='ltr'><strong>excepit,</strong></span> <span class='ocrx_word' id='word_1_14' title='bbox 648 574 729 632; x_wconf 82' lang='lat' dir='ltr'><strong>tem</strong></span> <span class='ocrx_word' id='word_1_15' title='bbox 756 561 875 656; x_wconf 83' lang='lat' dir='ltr'><strong>prope</strong></span> <span class='ocrx_word' id='word_1_16' title='bbox 895 565 1033 636; x_wconf 77' lang='lat' dir='ltr'><strong>faciem</strong></span> <span class='ocrx_word' id='word_1_17' title='bbox 1055 568 1178 638; x_wconf 82' lang='lat' dir='ltr'><strong>advo·</strong></span> 
     </span>
     <span class='ocr_line' id='line_1_4' title="bbox 176 661 1177 759; baseline 0.007 -28"><span class='ocrx_word' id='word_1_18' title='bbox 176 664 340 752; x_wconf 82' lang='lat' dir='ltr'><strong>lentem,</strong></span> <span class='ocrx_word' id='word_1_19' title='bbox 365 675 410 732; x_wconf 89' lang='lat' dir='ltr'><strong>ut</strong></span> <span class='ocrx_word' id='word_1_20' title='bbox 435 687 475 734; x_wconf 80' lang='lat' dir='ltr'><strong>os</strong></span> <span class='ocrx_word' id='word_1_21' title='bbox 500 684 605 756; x_wconf 75' lang='lat' dir='ltr'><strong>gene</strong></span> <span class='ocrx_word' id='word_1_22' title='bbox 625 661 882 754; x_wconf 76' lang='lat' dir='ltr'><strong>rumperetur.</strong></span> <span class='ocrx_word' id='word_1_23' title='bbox 943 668 1018 736; x_wconf 73' lang='lat' dir='ltr'><strong>lite</strong></span> <span class='ocrx_word' id='word_1_24' title='bbox 1043 671 1177 759; x_wconf 77' lang='lat' dir='ltr'><strong>pilam</strong></span> 
     </span>
     <span class='ocr_line' id='line_1_5' title="bbox 176 761 1175 860; baseline 0.007 -27"><span class='ocrx_word' id='word_1_25' title='bbox 176 765 218 833; x_wconf 90' lang='lat' dir='ltr'><strong>in</strong></span> <span class='ocrx_word' id='word_1_26' title='bbox 234 765 464 834; x_wconf 80' lang='lat' dir='ltr'><strong>Alisterkum</strong></span> <span class='ocrx_word' id='word_1_27' title='bbox 486 761 624 853; x_wconf 85' lang='lat' dir='ltr'><strong>mittit,</strong></span> <span class='ocrx_word' id='word_1_28' title='bbox 660 765 726 858; x_wconf 85' lang='lat' dir='ltr'><strong>qui</strong></span> <span class='ocrx_word' id='word_1_29' title='bbox 749 786 835 836; x_wconf 79' lang='lat' dir='ltr'><strong>enm</strong></span> <span class='ocrx_word' id='word_1_30' title='bbox 866 783 1022 860; x_wconf 77' lang='lat' dir='ltr'><strong>utreque</strong></span> <span class='ocrx_word' id='word_1_31' title='bbox 1046 793 1175 840; x_wconf 82' lang='lat' dir='ltr'><strong>manu</strong></span> 
     </span>
     <span class='ocr_line' id='line_1_6' title="bbox 178 865 1173 960; baseline 0.007 -26"><span class='ocrx_word' id='word_1_32' title='bbox 178 865 387 956; x_wconf 81' lang='lat' dir='ltr'><strong>excipiens,</strong></span> <span class='ocrx_word' id='word_1_33' title='bbox 411 881 530 959; x_wconf 75' lang='lat' dir='ltr'><strong>prope</strong></span> <span class='ocrx_word' id='word_1_34' title='bbox 544 865 685 952; x_wconf 72' lang='lat' dir='ltr'><strong>aberet,</strong></span> <span class='ocrx_word' id='word_1_35' title='bbox 701 879 746 934; x_wconf 87' lang='lat' dir='ltr'><strong>ut</strong></span> <span class='ocrx_word' id='word_1_36' title='bbox 761 867 871 938; x_wconf 83' lang='lat' dir='ltr'><strong>oneri</strong></span> <span class='ocrx_word' id='word_1_37' title='bbox 883 871 1173 960; x_wconf 79' lang='lat' dir='ltr'><strong>succumberet,</strong></span> 
     </span>
     <span class='ocr_line' id='line_1_7' title="bbox 176 965 1175 1046; baseline 0.008 -12"><span class='ocrx_word' id='word_1_38' title='bbox 176 966 251 1035; x_wconf 84' lang='lat' dir='ltr'><strong>nisi</strong></span> <span class='ocrx_word' id='word_1_39' title='bbox 276 985 365 1036; x_wconf 88' lang='lat' dir='ltr'><strong>eum</strong></span> <span class='ocrx_word' id='word_1_40' title='bbox 390 968 599 1040; x_wconf 68' lang='lat' dir='ltr'><strong>thorneie</strong></span> <span class='ocrx_word' id='word_1_41' title='bbox 623 965 879 1038; x_wconf 73' lang='lat' dir='ltr'><strong>monuisset</strong></span> <span class='ocrx_word' id='word_1_42' title='bbox 953 971 1175 1046; x_wconf 76' lang='lat' dir='ltr'><strong>Alisterkus</strong></span> 
     </span>
     <span class='ocr_line' id='line_1_8' title="bbox 176 1061 1174 1166; baseline 0.008 -30"><span class='ocrx_word' id='word_1_43' title='bbox 176 1061 292 1160; x_wconf 76' lang='lat' dir='ltr'><strong>porro</strong></span> <span class='ocrx_word' id='word_1_44' title='bbox 310 1069 350 1138; x_wconf 88' lang='lat' dir='ltr'><strong>in</strong></span> <span class='ocrx_word' id='word_1_45' title='bbox 365 1068 560 1156; x_wconf 76' lang='lat' dir='ltr'><strong>dynastam</strong></span> <span class='ocrx_word' id='word_1_46' title='bbox 575 1068 741 1166; x_wconf 83' lang='lat' dir='ltr'><strong>Agdium</strong></span> <span class='ocrx_word' id='word_1_47' title='bbox 763 1071 888 1156; x_wconf 71' lang='lat' dir='ltr'><strong>mitit,</strong></span> <span class='ocrx_word' id='word_1_48' title='bbox 928 1073 994 1162; x_wconf 90' lang='lat' dir='ltr'><strong>qui</strong></span> <span class='ocrx_word' id='word_1_49' title='bbox 1019 1075 1174 1145; x_wconf 86' lang='lat' dir='ltr'><strong>molem</strong></span> 
     </span>
     <span class='ocr_line' id='line_1_9' title="bbox 176 1163 1170 1264; baseline 0.002 -26"><span class='ocrx_word' id='word_1_50' title='bbox 176 1165 355 1238; x_wconf 83' lang='lat' dir='ltr'><strong>ambabus</strong></span> <span class='ocrx_word' id='word_1_51' title='bbox 373 1163 546 1240; x_wconf 83' lang='lat' dir='ltr'><strong>manibus</strong></span> <span class='ocrx_word' id='word_1_52' title='bbox 562 1169 730 1264; x_wconf 77' lang='lat' dir='ltr'>excepit:</span> <span class='ocrx_word' id='word_1_53' title='bbox 758 1165 867 1256; x_wconf 82' lang='lat' dir='ltr'><strong>cujus</strong></span> <span class='ocrx_word' id='word_1_54' title='bbox 891 1171 1023 1260; x_wconf 78' lang='lat' dir='ltr'><strong>barbe,</strong></span> <span class='ocrx_word' id='word_1_55' title='bbox 1051 1174 1170 1264; x_wconf 73' lang='lat' dir='ltr'><strong>adipe</strong></span> 
     </span>
     <span class='ocr_line' id='line_1_10' title="bbox 175 1269 1181 1369; baseline 0.005 -32"><span class='ocrx_word' id='word_1_56' title='bbox 175 1284 294 1356; x_wconf 85' lang='lat' dir='ltr'><strong>tecte,</strong></span> <span class='ocrx_word' id='word_1_57' title='bbox 320 1285 397 1340; x_wconf 80' lang='lat' dir='ltr'><strong>tote</strong></span> <span class='ocrx_word' id='word_1_58' title='bbox 414 1269 674 1369; x_wconf 68' lang='lat' dir='ltr'><strong>conflagravit,</strong></span> <span class='ocrx_word' id='word_1_59' title='bbox 700 1293 818 1364; x_wconf 81' lang='lat' dir='ltr'><strong>quare</strong></span> <span class='ocrx_word' id='word_1_60' title='bbox 845 1273 882 1342; x_wconf 80' lang='lat' dir='ltr'><strong>ei</strong></span> <span class='ocrx_word' id='word_1_61' title='bbox 900 1276 1063 1344; x_wconf 80' lang='lat' dir='ltr'><strong>maxima</strong></span> <span class='ocrx_word' id='word_1_62' title='bbox 1088 1274 1181 1342; x_wconf 69' lang='lat' dir='ltr'><strong>fuit</strong></span> 
     </span>
     <span class='ocr_line' id='line_1_11' title="bbox 151 1369 1168 1464; baseline 0.006 -26"><span class='ocrx_word' id='word_1_63' title='bbox 151 1369 152 1373; x_wconf 70' lang='grc'>’</span> <span class='ocrx_word' id='word_1_64' title='bbox 177 1392 284 1458; x_wconf 82' lang='lat' dir='ltr'><strong>curo,</strong></span> <span class='ocrx_word' id='word_1_65' title='bbox 309 1387 353 1440; x_wconf 90' lang='lat' dir='ltr'><strong>ut</strong></span> <span class='ocrx_word' id='word_1_66' title='bbox 375 1373 493 1463; x_wconf 85' lang='lat' dir='ltr'><strong>pilam</strong></span> <span class='ocrx_word' id='word_1_67' title='bbox 513 1369 745 1456; x_wconf 71' lang='lat' dir='ltr'><strong>dimitteret,</strong></span> <span class='ocrx_word' id='word_1_68' title='bbox 774 1374 904 1464; x_wconf 79' lang='lat' dir='ltr'><strong>itaque</strong></span> <span class='ocrx_word' id='word_1_69' title='bbox 927 1397 1015 1444; x_wconf 82' lang='lat' dir='ltr'><strong>eam</strong></span> <span class='ocrx_word' id='word_1_70' title='bbox 1038 1375 1083 1444; x_wconf 84' lang='lat' dir='ltr'><strong>in</strong></span> <span class='ocrx_word' id='word_1_71' title='bbox 1105 1398 1168 1444; x_wconf 77' lang='lat' dir='ltr'><strong>re-</strong></span> 
     </span>
     <span class='ocr_line' id='line_1_12' title="bbox 174 1454 1163 1566; baseline 0.003 -25"><span class='ocrx_word' id='word_1_72' title='bbox 174 1494 259 1566; x_wconf 83' lang='lat' dir='ltr'><strong>gom</strong></span> <span class='ocrx_word' id='word_1_73' title='bbox 288 1473 560 1550; x_wconf 86' lang='lat' dir='ltr'><strong>Godrnundum</strong></span> <span class='ocrx_word' id='word_1_74' title='bbox 585 1473 760 1564; x_wconf 84' lang='lat' dir='ltr'><strong>conjicit,</strong></span> <span class='ocrx_word' id='word_1_75' title='bbox 779 1531 782 1540; x_wconf 90' lang='lat'><strong>.</strong></span> <span class='ocrx_word' id='word_1_76' title='bbox 800 1454 1050 1545; x_wconf 63' lang='lat' dir='ltr'><strong>&amp;odmundus</strong></span> <span class='ocrx_word' id='word_1_77' title='bbox 1072 1499 1163 1546; x_wconf 81' lang='lat' dir='ltr'><strong>reto</strong></span> 
     </span>
     <span class='ocr_line' id='line_1_13' title="bbox 175 1573 1163 1669; baseline 0.004 -28"><span class='ocrx_word' id='word_1_78' title='bbox 175 1573 215 1642; x_wconf 91' lang='lat' dir='ltr'><strong>in</strong></span> <span class='ocrx_word' id='word_1_79' title='bbox 230 1594 356 1668; x_wconf 83' lang='lat' dir='ltr'><strong>regern</strong></span> <span class='ocrx_word' id='word_1_80' title='bbox 376 1576 607 1666; x_wconf 76' lang='lat' dir='ltr'><strong>Geirrbdum</strong></span> <span class='ocrx_word' id='word_1_81' title='bbox 631 1573 762 1664; x_wconf 85' lang='lat' dir='ltr'><strong>torsit,</strong></span> <span class='ocrx_word' id='word_1_82' title='bbox 801 1599 877 1669; x_wconf 88' lang='lat' dir='ltr'><strong>quo</strong></span> <span class='ocrx_word' id='word_1_83' title='bbox 902 1577 1022 1646; x_wconf 85' lang='lat' dir='ltr'><strong>ictum</strong></span> <span class='ocrx_word' id='word_1_84' title='bbox 1040 1577 1163 1646; x_wconf 70' lang='lat' dir='ltr'><strong>decli-</strong></span> 
     </span>
     <span class='ocr_line' id='line_1_14' title="bbox 175 1675 1163 1770; baseline 0.002 -26"><span class='ocrx_word' id='word_1_85' title='bbox 175 1687 308 1763; x_wconf 83' lang='lat' dir='ltr'>nante,</span> <span class='ocrx_word' id='word_1_86' title='bbox 348 1679 510 1747; x_wconf 74' lang='lat' dir='ltr'><strong>Drbttus</strong></span> <span class='ocrx_word' id='word_1_87' title='bbox 540 1690 579 1745; x_wconf 85' lang='lat' dir='ltr'><strong>et</strong></span> <span class='ocrx_word' id='word_1_88' title='bbox 593 1680 740 1748; x_wconf 69' lang='lat' dir='ltr'><strong>Hester</strong></span> <span class='ocrx_word' id='word_1_89' title='bbox 755 1675 903 1746; x_wconf 82' lang='lat' dir='ltr'><strong>obversi</strong></span> <span class='ocrx_word' id='word_1_90' title='bbox 915 1695 1079 1748; x_wconf 83' lang='lat' dir='ltr'><strong>mortem</strong></span> <span class='ocrx_word' id='word_1_91' title='bbox 1094 1699 1163 1770; x_wconf 90' lang='lat' dir='ltr'><strong>op·</strong></span> 
     </span>
     <span class='ocr_line' id='line_1_15' title="bbox 174 1777 1162 1870; baseline 0.004 -26"><span class='ocrx_word' id='word_1_92' title='bbox 174 1777 408 1864; x_wconf 71' lang='lat' dir='ltr'><strong>petiverunt,</strong></span> <span class='ocrx_word' id='word_1_93' title='bbox 433 1779 512 1870; x_wconf 75' lang='lat' dir='ltr'><strong>pile</strong></span> <span class='ocrx_word' id='word_1_94' title='bbox 532 1781 675 1852; x_wconf 79' lang='lat' dir='ltr'><strong>veroin</strong></span> <span class='ocrx_word' id='word_1_95' title='bbox 693 1777 897 1848; x_wconf 73' lang='lat' dir='ltr'><strong>fenestram</strong></span> <span class='ocrx_word' id='word_1_96' title='bbox 921 1779 1083 1849; x_wconf 82' lang='lat' dir='ltr'>vitream</span> <span class='ocrx_word' id='word_1_97' title='bbox 1102 1779 1162 1848; x_wconf 91' lang='lat' dir='ltr'><strong>in·</strong></span> 
     </span>
     <span class='ocr_line' id='line_1_16' title="bbox 173 1879 1164 1970; baseline 0.003 -26"><span class='ocrx_word' id='word_1_98' title='bbox 173 1896 300 1964; x_wconf 84' lang='lat' dir='ltr'><strong>cussa,</strong></span> <span class='ocrx_word' id='word_1_99' title='bbox 336 1879 378 1948; x_wconf 89' lang='lat' dir='ltr'><strong>in</strong></span> <span class='ocrx_word' id='word_1_100' title='bbox 404 1882 565 1967; x_wconf 72' lang='lat' dir='ltr'><strong>fossum,</strong></span> <span class='ocrx_word' id='word_1_101' title='bbox 602 1901 674 1970; x_wconf 74' lang='lat' dir='ltr'><strong>qun</strong></span> <span class='ocrx_word' id='word_1_102' title='bbox 699 1880 789 1948; x_wconf 83' lang='lat' dir='ltr'><strong>urbs</strong></span> <span class='ocrx_word' id='word_1_103' title='bbox 808 1879 1041 1950; x_wconf 78' lang='lat' dir='ltr'><strong>circumdata</strong></span> <span class='ocrx_word' id='word_1_104' title='bbox 1070 1897 1164 1968; x_wconf 79' lang='lat' dir='ltr'><strong>erat,</strong></span> 
     </span>
     <span class='ocr_line' id='line_1_17' title="bbox 173 1980 1171 2075; baseline 0.004 -32"><span class='ocrx_word' id='word_1_105' title='bbox 173 1982 398 2067; x_wconf 73' lang='lat' dir='ltr'>pervolavit,</span> <span class='ocrx_word' id='word_1_106' title='bbox 422 1983 553 2072; x_wconf 79' lang='lat' dir='ltr'>ibique</span> <span class='ocrx_word' id='word_1_107' title='bbox 570 1980 698 2075; x_wconf 80' lang='lat' dir='ltr'><strong>ignem</strong></span> <span class='ocrx_word' id='word_1_108' title='bbox 722 1983 947 2073; x_wconf 79' lang='lat' dir='ltr'><strong>flagrantem</strong></span> <span class='ocrx_word' id='word_1_109' title='bbox 971 1980 1171 2058; x_wconf 70' lang='lat' dir='ltr'><strong>excitavit.</strong></span> 
     </span>
     <span class='ocr_line' id='line_1_18' title="bbox 105 2081 1163 2173; baseline -0.001 -24"><span class='ocrx_word' id='word_1_110' title='bbox 105 2091 108 2100; x_wconf 85' lang='grc'><strong>“</strong></span> <span class='ocrx_word' id='word_1_111' title='bbox 175 2081 246 2149; x_wconf 88' lang='lat' dir='ltr'><strong>His</strong></span> <span class='ocrx_word' id='word_1_112' title='bbox 266 2081 417 2150; x_wconf 76' lang='lat' dir='ltr'><strong>ludicris</strong></span> <span class='ocrx_word' id='word_1_113' title='bbox 435 2082 488 2160; x_wconf 80' lang='lat' dir='ltr'><strong>sic</strong></span> <span class='ocrx_word' id='word_1_114' title='bbox 504 2081 634 2162; x_wconf 71' lang='lat' dir='ltr'><strong>finitis,</strong></span> <span class='ocrx_word' id='word_1_115' title='bbox 662 2083 897 2173; x_wconf 81' lang='lat' dir='ltr'><strong>compotatio</strong></span> <span class='ocrx_word' id='word_1_116' title='bbox 912 2083 1072 2172; x_wconf 84' lang='lat' dir='ltr'><strong>repetita</strong></span> <span class='ocrx_word' id='word_1_117' title='bbox 1091 2095 1163 2164; x_wconf 78' lang='lat' dir='ltr'><strong>est3</strong></span> 
     </span>
     <span class='ocr_line' id='line_1_19' title="bbox 173 2178 1162 2280; baseline 0.003 -33"><span class='ocrx_word' id='word_1_118' title='bbox 173 2178 328 2272; x_wconf 87' lang='lat' dir='ltr'><strong>dynasta</strong></span> <span class='ocrx_word' id='word_1_119' title='bbox 349 2184 487 2280; x_wconf 85' lang='lat' dir='ltr'><strong>Agdius</strong></span> <span class='ocrx_word' id='word_1_120' title='bbox 508 2183 750 2279; x_wconf 80' lang='lat' dir='ltr'><strong>significavit,</strong></span> <span class='ocrx_word' id='word_1_121' title='bbox 773 2182 947 2252; x_wconf 79' lang='lat' dir='ltr'><strong>animum</strong></span> <span class='ocrx_word' id='word_1_122' title='bbox 972 2183 1044 2252; x_wconf 88' lang='lat' dir='ltr'><strong>sibi</strong></span> <span class='ocrx_word' id='word_1_123' title='bbox 1064 2205 1162 2251; x_wconf 85' lang='lat' dir='ltr'><strong>sem-</strong></span> 
     </span>
     <span class='ocr_line' id='line_1_20' title="bbox 172 2281 1160 2378; baseline 0 -28"><span class='ocrx_word' id='word_1_124' title='bbox 172 2292 240 2370; x_wconf 84' lang='lat' dir='ltr'><strong>per</strong></span> <span class='ocrx_word' id='word_1_125' title='bbox 264 2281 439 2373; x_wconf 86' lang='lat' dir='ltr'><strong>horrere,</strong></span> <span class='ocrx_word' id='word_1_126' title='bbox 463 2285 763 2378; x_wconf 74' lang='lat' dir='ltr'><strong>quotiescunque</strong></span> <span class='ocrx_word' id='word_1_127' title='bbox 778 2284 819 2353; x_wconf 90' lang='lat' dir='ltr'><strong>in</strong></span> <span class='ocrx_word' id='word_1_128' title='bbox 839 2283 1036 2354; x_wconf 88' lang='lat' dir='ltr'><strong>cohortem</strong></span> <span class='ocrx_word' id='word_1_129' title='bbox 1060 2282 1160 2353; x_wconf 87' lang='lat' dir='ltr'><strong>God-</strong></span> 
     </span>
     <span class='ocr_line' id='line_1_21' title="bbox 92 2383 1161 2478; baseline 0.004 -30"><span class='ocrx_word' id='word_1_130' title='bbox 92 2387 94 2392; x_wconf 81' lang='grc'>’</span> <span class='ocrx_word' id='word_1_131' title='bbox 171 2383 305 2452; x_wconf 87' lang='lat' dir='ltr'><strong>mundi</strong></span> <span class='ocrx_word' id='word_1_132' title='bbox 337 2385 497 2461; x_wconf 86' lang='lat' dir='ltr'><strong>veniret.</strong></span> <span class='ocrx_word' id='word_1_133' title='bbox 560 2391 723 2478; x_wconf 80' lang='lat' dir='ltr'>Vespere</span> <span class='ocrx_word' id='word_1_134' title='bbox 750 2384 1002 2457; x_wconf 83' lang='lat' dir='ltr'><strong>Godrnundus</strong></span> <span class='ocrx_word' id='word_1_135' title='bbox 1026 2407 1069 2460; x_wconf 76' lang='lat' dir='ltr'><strong>ec</strong></span> <span class='ocrx_word' id='word_1_136' title='bbox 1099 2383 1161 2452; x_wconf 87' lang='lat' dir='ltr'><strong>sui</strong></span> 
     </span>
     <span class='ocr_line' id='line_1_22' title="bbox 173 2484 1256 2579; baseline 0.005 -29"><span class='ocrx_word' id='word_1_137' title='bbox 173 2485 345 2555; x_wconf 85' lang='lat' dir='ltr'><strong>cubitum</strong></span> <span class='ocrx_word' id='word_1_138' title='bbox 361 2485 524 2578; x_wconf 85' lang='lat' dir='ltr'><strong>iverunt,</strong></span> <span class='ocrx_word' id='word_1_139' title='bbox 550 2486 759 2579; x_wconf 71' lang='lat' dir='ltr'><strong>presentie</strong></span> <span class='ocrx_word' id='word_1_140' title='bbox 775 2484 1014 2559; x_wconf 85' lang='lat' dir='ltr'><strong>Thorsteinis</strong></span> <span class='ocrx_word' id='word_1_141' title='bbox 1027 2505 1160 2574; x_wconf 86' lang='lat' dir='ltr'><strong>eccep-</strong></span> <span class='ocrx_word' id='word_1_142' title='bbox 1255 2535 1256 2542; x_wconf 46' lang='lat'><strong>.</strong></span> 
     </span>
     <span class='ocr_line' id='line_1_23' title="bbox 168 2585 1160 2682; baseline 0.002 -30"><span class='ocrx_word' id='word_1_143' title='bbox 168 2599 256 2654; x_wconf 85' lang='lat' dir='ltr'><strong>tum</strong></span> <span class='ocrx_word' id='word_1_144' title='bbox 277 2586 498 2674; x_wconf 74' lang='lat' dir='ltr'><strong>referentes,</strong></span> <span class='ocrx_word' id='word_1_145' title='bbox 526 2589 630 2682; x_wconf 86' lang='lat' dir='ltr'><strong>quod</strong></span> <span class='ocrx_word' id='word_1_146' title='bbox 648 2605 712 2658; x_wconf 59' lang='lat' dir='ltr'><strong>‘res</strong></span> <span class='ocrx_word' id='word_1_147' title='bbox 735 2585 820 2661; x_wconf 87' lang='lat' dir='ltr'><strong>sine</strong></span> <span class='ocrx_word' id='word_1_148' title='bbox 842 2587 1070 2656; x_wconf 81' lang='lat' dir='ltr'><strong>detrimento</strong></span> <span class='ocrx_word' id='word_1_149' title='bbox 1098 2609 1160 2655; x_wconf 85' lang='lat' dir='ltr'><strong>ex-</strong></span> 
     </span>
     <span class='ocr_line' id='line_1_24' title="bbox 167 2683 1162 2784; baseline 0.004 -32"><span class='ocrx_word' id='word_1_150' title='bbox 167 2683 266 2756; x_wconf 80' lang='lat' dir='ltr'><strong>isset.</strong></span> <span class='ocrx_word' id='word_1_151' title='bbox 319 2689 526 2761; x_wconf 83' lang='lat' dir='ltr'><strong>Thorstein</strong></span> <span class='ocrx_word' id='word_1_152' title='bbox 549 2711 686 2784; x_wconf 83' lang='lat' dir='ltr'><strong>parum</strong></span> <span class='ocrx_word' id='word_1_153' title='bbox 710 2689 874 2784; x_wconf 84' lang='lat' dir='ltr'><strong>periculi</strong></span> <span class='ocrx_word' id='word_1_154' title='bbox 893 2686 1040 2757; x_wconf 83' lang='lat' dir='ltr'><strong>factum</strong></span> <span class='ocrx_word' id='word_1_155' title='bbox 1064 2709 1162 2756; x_wconf 82' lang='lat' dir='ltr'><strong>asse·</strong></span> 
     </span>
    </p>
   </div>
   <div class='ocr_carea' id='block_1_3' title="bbox 59 2787 1255 2880">
    <p class='ocr_par' dir='ltr' id='par_1_3' title="bbox 59 2787 1255 2880">
     <span class='ocr_line' id='line_1_25' title="bbox 59 2787 1255 2880; baseline -0.012 -12"><span class='ocrx_word' id='word_1_156' title='bbox 59 2863 61 2868; x_wconf 79' lang='grc'>,</span> <span class='ocrx_word' id='word_1_157' title='bbox 168 2787 267 2878; x_wconf 76' lang='lat' dir='ltr'><strong>ruit5</strong></span> <span class='ocrx_word' id='word_1_158' title='bbox 292 2791 383 2880; x_wconf 86' lang='lat' dir='ltr'><strong>quid</strong></span> <span class='ocrx_word' id='word_1_159' title='bbox 405 2814 494 2861; x_wconf 82' lang='lat' dir='ltr'><strong>vero</strong></span> <span class='ocrx_word' id='word_1_160' title='bbox 520 2791 658 2862; x_wconf 90' lang='lat' dir='ltr'><strong>ludicri</strong></span> <span class='ocrx_word' id='word_1_161' title='bbox 683 2813 762 2861; x_wconf 84' lang='lat' dir='ltr'><strong>cras</strong></span> <span class='ocrx_word' id='word_1_162' title='bbox 784 2787 1035 2866; x_wconf 85' lang='lat' dir='ltr'><strong>instituetur?</strong></span> <span class='ocrx_word' id='word_1_163' title='bbox 1058 2787 1166 2858; x_wconf 51' lang='lat' dir='ltr'><strong>God*</strong></span> <span class='ocrx_word' id='word_1_164' title='bbox 1254 2857 1255 2864; x_wconf 7' lang='grc' dir='ltr'>χ</span> 
     </span>
    </p>
   </div>
   <div class='ocr_carea' id='block_1_4' title="bbox 58 2889 1254 4198">
    <p class='ocr_par' dir='ltr' id='par_1_4' title="bbox 58 2889 1254 4198">
     <span class='ocr_line' id='line_1_26' title="bbox 167 2889 1159 2984; baseline 0 -28"><span class='ocrx_word' id='word_1_165' title='bbox 167 2889 351 2958; x_wconf 85' lang='lat' dir='ltr'><strong>mundus:</strong></span> <span class='ocrx_word' id='word_1_166' title='bbox 384 2915 450 2962; x_wconf 85' lang='lat' dir='ltr'><strong>rex</strong></span> <span class='ocrx_word' id='word_1_167' title='bbox 472 2891 724 2964; x_wconf 78' lang='lat' dir='ltr'><strong>luctationem</strong></span> <span class='ocrx_word' id='word_1_168' title='bbox 750 2903 961 2984; x_wconf 86' lang='lat' dir='ltr'>proponet,</span> <span class='ocrx_word' id='word_1_169' title='bbox 993 2897 1159 2980; x_wconf 83' lang='lat' dir='ltr'><strong>tumque</strong></span> 
     </span>
     <span class='ocr_line' id='line_1_27' title="bbox 167 2987 1158 3089; baseline 0.002 -33"><span class='ocrx_word' id='word_1_170' title='bbox 167 3009 206 3058; x_wconf 91' lang='lat' dir='ltr'><strong>se</strong></span> <span class='ocrx_word' id='word_1_171' title='bbox 227 2991 482 3089; x_wconf 78' lang='lat' dir='ltr'><strong>ulciscentur,</strong></span> <span class='ocrx_word' id='word_1_172' title='bbox 507 2993 619 3064; x_wconf 84' lang='lat' dir='ltr'><strong>nobis</strong></span> <span class='ocrx_word' id='word_1_173' title='bbox 645 2993 748 3064; x_wconf 87' lang='lat' dir='ltr'><strong>enim</strong></span> <span class='ocrx_word' id='word_1_174' title='bbox 770 2993 885 3088; x_wconf 83' lang='lat' dir='ltr'><strong>longe</strong></span> <span class='ocrx_word' id='word_1_175' title='bbox 908 3005 997 3059; x_wconf 85' lang='lat' dir='ltr'><strong>sunt</strong></span> <span class='ocrx_word' id='word_1_176' title='bbox 1017 2987 1158 3058; x_wconf 86' lang='lat' dir='ltr'><strong>viribus</strong></span> 
     </span>
     <span class='ocr_line' id='line_1_28' title="bbox 167 3087 1254 3190; baseline -0.004 -32"><span class='ocrx_word' id='word_1_177' title='bbox 167 3092 390 3180; x_wconf 82' lang='lat' dir='ltr'><strong>superiores.</strong></span> <span class='ocrx_word' id='word_1_178' title='bbox 456 3097 576 3190; x_wconf 82' lang='lat' dir='ltr'><strong>Regia</strong></span> <span class='ocrx_word' id='word_1_179' title='bbox 603 3087 769 3166; x_wconf 76' lang='lat' dir='ltr'><strong>fortune</strong></span> <span class='ocrx_word' id='word_1_180' title='bbox 790 3093 905 3163; x_wconf 84' lang='lat' dir='ltr'><strong>vobis·</strong></span> <span class='ocrx_word' id='word_1_181' title='bbox 931 3089 1069 3176; x_wconf 77' lang='lat' dir='ltr'><strong>ederit,</strong></span> <span class='ocrx_word' id='word_1_182' title='bbox 1105 3090 1156 3160; x_wconf 86' lang='lat' dir='ltr'><strong>ait</strong></span> <span class='ocrx_word' id='word_1_183' title='bbox 1253 3145 1254 3154; x_wconf 60' lang='lat'><strong>.</strong></span> 
     </span>
     <span class='ocr_line' id='line_1_29' title="bbox 167 3189 1158 3288; baseline -0.002 -28"><span class='ocrx_word' id='word_1_184' title='bbox 167 3189 389 3285; x_wconf 89' lang='lat' dir='ltr'><strong>Thorstein,</strong></span> <span class='ocrx_word' id='word_1_185' title='bbox 411 3197 531 3268; x_wconf 83' lang='lat' dir='ltr'><strong>nolite</strong></span> <span class='ocrx_word' id='word_1_186' title='bbox 556 3191 761 3288; x_wconf 81' lang='lat' dir='ltr'><strong>impedire,</strong></span> <span class='ocrx_word' id='word_1_187' title='bbox 779 3191 983 3285; x_wconf 89' lang='lat' dir='ltr'><strong>quominus</strong></span> <span class='ocrx_word' id='word_1_188' title='bbox 1000 3189 1077 3260; x_wconf 90' lang='lat' dir='ltr'><strong>huc</strong></span> <span class='ocrx_word' id='word_1_189' title='bbox 1096 3189 1158 3258; x_wconf 81' lang='lat' dir='ltr'><strong>de-</strong></span> 
     </span>
     <span class='ocr_line' id='line_1_30' title="bbox 167 3289 1156 3394; baseline 0 -36"><span class='ocrx_word' id='word_1_190' title='bbox 167 3289 360 3384; x_wconf 75' lang='lat' dir='ltr'><strong>seremini,</strong></span> <span class='ocrx_word' id='word_1_191' title='bbox 399 3298 465 3367; x_wconf 85' lang='lat' dir='ltr'><strong>ubi</strong></span> <span class='ocrx_word' id='word_1_192' title='bbox 490 3321 559 3394; x_wconf 84' lang='lat' dir='ltr'><strong>ego</strong></span> <span class='ocrx_word' id='word_1_193' title='bbox 587 3319 683 3367; x_wconf 86' lang='lat' dir='ltr'><strong>sum.</strong></span> <span class='ocrx_word' id='word_1_194' title='bbox 738 3301 858 3370; x_wconf 88' lang='lat' dir='ltr'><strong>Nocte</strong></span> <span class='ocrx_word' id='word_1_195' title='bbox 880 3315 1016 3362; x_wconf 90' lang='lat' dir='ltr'><strong>somno</strong></span> <span class='ocrx_word' id='word_1_196' title='bbox 1038 3303 1156 3388; x_wconf 53' lang='lat' dir='ltr'><strong>transj</strong></span> 
     </span>
     <span class='ocr_line' id='line_1_31' title="bbox 166 3395 1158 3490; baseline -0.002 -28"><span class='ocrx_word' id='word_1_197' title='bbox 166 3395 265 3485; x_wconf 78' lang='lat' dir='ltr'><strong>ecta,</strong></span> <span class='ocrx_word' id='word_1_198' title='bbox 291 3419 404 3469; x_wconf 85' lang='lat' dir='ltr'><strong>mane</strong></span> <span class='ocrx_word' id='word_1_199' title='bbox 427 3422 535 3482; x_wconf 82' lang='lat' dir='ltr'><strong>suern</strong></span> <span class='ocrx_word' id='word_1_200' title='bbox 559 3399 717 3490; x_wconf 85' lang='lat' dir='ltr'><strong>quisque</strong></span> <span class='ocrx_word' id='word_1_201' title='bbox 744 3395 1035 3466; x_wconf 80' lang='lat' dir='ltr'><strong>oblectationem</strong></span> <span class='ocrx_word' id='word_1_202' title='bbox 1050 3414 1158 3482; x_wconf 90' lang='lat' dir='ltr'><strong>repe-</strong></span> 
     </span>
     <span class='ocr_line' id='line_1_32' title="bbox 165 3489 1159 3584; baseline 0.006 -22"><span class='ocrx_word' id='word_1_203' title='bbox 165 3491 271 3584; x_wconf 85' lang='lat' dir='ltr'><strong>tivit,</strong></span> <span class='ocrx_word' id='word_1_204' title='bbox 296 3500 449 3569; x_wconf 77' lang='lat' dir='ltr'><strong>famulis</strong></span> <span class='ocrx_word' id='word_1_205' title='bbox 472 3520 618 3570; x_wconf 84' lang='lat' dir='ltr'><strong>mensas</strong></span> <span class='ocrx_word' id='word_1_206' title='bbox 633 3494 899 3568; x_wconf 82' lang='lat' dir='ltr'><strong>sternentibus.</strong></span> <span class='ocrx_word' id='word_1_207' title='bbox 951 3489 1032 3562; x_wconf 87' lang='lat' dir='ltr'><strong>Rex</strong></span> <span class='ocrx_word' id='word_1_208' title='bbox 1047 3493 1159 3568; x_wconf 83' lang='lat' dir='ltr'><strong>Geir·¹</strong></span> 
     </span>
     <span class='ocr_line' id='line_1_33' title="bbox 58 3594 1155 3698; baseline 0 -36"><span class='ocrx_word' id='word_1_209' title='bbox 58 3633 62 3638; x_wconf 91' lang='lat'><em>·</em></span> <span class='ocrx_word' id='word_1_210' title='bbox 164 3594 568 3698; x_wconf 71' lang='lat' dir='ltr'><strong>nidus-interrogavit,</strong></span> <span class='ocrx_word' id='word_1_211' title='bbox 596 3602 786 3671; x_wconf 82' lang='lat' dir='ltr'><strong>vellentne</strong></span> <span class='ocrx_word' id='word_1_212' title='bbox 811 3597 971 3680; x_wconf 66' lang='lat' dir='ltr'><strong>luctari,</strong></span> <span class='ocrx_word' id='word_1_213' title='bbox 996 3594 1054 3662; x_wconf 92' lang='lat' dir='ltr'><strong>ilii</strong></span> <span class='ocrx_word' id='word_1_214' title='bbox 1072 3616 1155 3662; x_wconf 87' lang='lat' dir='ltr'><strong>rem</strong></span> 
     </span>
     <span class='ocr_line' id='line_1_34' title="bbox 163 3691 1157 3795; baseline -0.007 -27"><span class='ocrx_word' id='word_1_215' title='bbox 163 3691 279 3784; x_wconf 79' lang='lat' dir='ltr'><strong>ipsius</strong></span> <span class='ocrx_word' id='word_1_216' title='bbox 295 3702 450 3772; x_wconf 83' lang='lat' dir='ltr'><strong>arbitrio</strong></span> <span class='ocrx_word' id='word_1_217' title='bbox 468 3701 684 3795; x_wconf 75' lang='lat' dir='ltr'><strong>permisere.</strong></span> <span class='ocrx_word' id='word_1_218' title='bbox 737 3697 890 3772; x_wconf 86' lang='lat' dir='ltr'><strong>Deinde</strong></span> <span class='ocrx_word' id='word_1_219' title='bbox 909 3707 1028 3765; x_wconf 87' lang='lat' dir='ltr'><strong>vestes</strong></span> <span class='ocrx_word' id='word_1_220' title='bbox 1042 3716 1157 3764; x_wconf 85' lang='lat' dir='ltr'><strong>exue-</strong></span> 
     </span>
     <span class='ocr_line' id='line_1_35' title="bbox 165 3791 1154 3896; baseline 0.004 -36"><span class='ocrx_word' id='word_1_221' title='bbox 165 3791 337 3889; x_wconf 72' lang='lat' dir='ltr'><strong>bant,·,et</strong></span> <span class='ocrx_word' id='word_1_222' title='bbox 357 3803 402 3875; x_wconf 91' lang='lat' dir='ltr'><strong>in</strong></span> <span class='ocrx_word' id='word_1_223' title='bbox 426 3817 583 3873; x_wconf 83' lang='lat' dir='ltr'><strong>mutuos</strong></span> <span class='ocrx_word' id='word_1_224' title='bbox 607 3802 829 3896; x_wconf 84' lang='lat' dir='ltr'><strong>complexus</strong></span> <span class='ocrx_word' id='word_1_225' title='bbox 849 3797 963 3868; x_wconf 84' lang='lat' dir='ltr'><strong>ibent.</strong></span> <span class='ocrx_word' id='word_1_226' title='bbox 1017 3796 1154 3865; x_wconf 79' lang='lat' dir='ltr'><strong>Parem</strong></span> 
     </span>
     <span class='ocr_line' id='line_1_36' title="bbox 163 3891 1156 4000; baseline 0.004 -40"><span class='ocrx_word' id='word_1_227' title='bbox 163 3891 256 3965; x_wconf 84' lang='lat' dir='ltr'><strong>huic</strong></span> <span class='ocrx_word' id='word_1_228' title='bbox 289 3923 535 4000; x_wconf 82' lang='lat' dir='ltr'><strong>congressum·</strong></span> <span class='ocrx_word' id='word_1_229' title='bbox 563 3924 761 3994; x_wconf 84' lang='lat' dir='ltr'><strong>nunquam</strong></span> <span class='ocrx_word' id='word_1_230' title='bbox 786 3923 826 3970; x_wconf 91' lang='lat' dir='ltr'><strong>se</strong></span> <span class='ocrx_word' id='word_1_231' title='bbox 860 3897 994 3969; x_wconf 85' lang='lat' dir='ltr'><strong>vidisse</strong></span> <span class='ocrx_word' id='word_1_232' title='bbox 1030 3895 1156 3964; x_wconf 86' lang='lat' dir='ltr'><strong>Thor-</strong></span> 
     </span>
     <span class='ocr_line' id='line_1_37' title="bbox 165 3997 1155 4094; baseline 0.003 -31"><span class='ocrx_word' id='word_1_233' title='bbox 165 3997 261 4066; x_wconf 86' lang='lat' dir='ltr'><strong>stein</strong></span> <span class='ocrx_word' id='word_1_234' title='bbox 286 4002 539 4094; x_wconf 75' lang='lat' dir='ltr'><strong>existimavit,</strong></span> <span class='ocrx_word' id='word_1_235' title='bbox 564 4003 692 4073; x_wconf 79' lang='lat' dir='ltr'><strong>omnia</strong></span> <span class='ocrx_word' id='word_1_236' title='bbox 714 4004 817 4072; x_wconf 86' lang='lat' dir='ltr'><strong>enim</strong></span> <span class='ocrx_word' id='word_1_237' title='bbox 843 3997 1056 4070; x_wconf 84' lang='lat' dir='ltr'><strong>cadentibus</strong></span> <span class='ocrx_word' id='word_1_238' title='bbox 1079 4007 1155 4066; x_wconf 83' lang='lat' dir='ltr'><strong>tro-</strong></span> 
     </span>
     <span class='ocr_line' id='line_1_38' title="bbox 163 4092 1152 4198; baseline 0 -32"><span class='ocrx_word' id='word_1_239' title='bbox 163 4092 317 4190; x_wconf 58' lang='lat' dir='ltr'><strong>muere&#39;,</strong></span> <span class='ocrx_word' id='word_1_240' title='bbox 344 4103 521 4198; x_wconf 80' lang='lat' dir='ltr'><strong>Agdianis</strong></span> <span class='ocrx_word' id='word_1_241' title='bbox 547 4103 703 4176; x_wconf 84' lang='lat' dir='ltr'><strong>inludo</strong></span> <span class='ocrx_word' id='word_1_242' title='bbox 728 4101 926 4172; x_wconf 86' lang='lat' dir='ltr'><strong>inferiores</strong></span> <span class='ocrx_word' id='word_1_243' title='bbox 951 4097 1152 4168; x_wconf 81' lang='lat' dir='ltr'><strong>anseromi-</strong></span> 
     </span>
    </p>
   </div>
   <div class='ocr_carea' id='block_1_5' title="bbox 0 0 1262 4782">
    <p class='ocr_par' dir='ltr' id='par_1_5' title="bbox 0 0 1262 4782">
     <span class='ocr_line' id='line_1_39' title="bbox 0 0 1262 4782; baseline 0 3"><span class='ocrx_word' id='word_1_244' title='bbox 0 0 1262 4782; x_wconf 95' lang='lat' dir='ltr'><strong> </strong></span> 
     </span>
    </p>
   </div>
  </div>
 </body>
</html>
