2534 4778
68 228 141 292 ca.
417 209 690 278 -Ε
920 185 995 288 97v

66 425 166 514 quale
194 421 381 512 judicium
419 422 542 492 farere
571 425 696 514 volsa,
739 423 912 512 domiue,
952 451 1040 500 cum

64 531 237 611 (cannen)
268 523 461 594 audiveris.
529 527 630 594 Tum
660 544 726 594 rex
753 549 844 596 eum
871 549 1041 619 pronun·

63 625 280 711 tiarejussit.
342 621 567 694 Thorleivus
590 647 741 696 carmen
763 626 1039 718 intercalatum,

63 722 298 816 quadraginta
314 725 478 814 strophis
496 741 669 808 constans
678 777 704 810 ‚.
720 727 904 821 protulit,
931 729 1038 819 cujus

60 847 171 896 versus
194 826 438 898 intercalares
463 822 557 896 tales
579 842 686 896 suntz
767 883 769 888 .

146 925 273 1014 Saepe,
298 925 460 994 secunda
478 923 630 1010 adjutus
647 949 718 1018 ope

149 1024 367 1096 coeleatium
383 1024 548 1098 siderum
572 1027 691 1122 regis,

146 1127 340 1194 excellens
355 1130 527 1197 lotorum
545 1126 735 1218 princeps¹

149 1225 295 1318 gladios
314 1224 498 1295 rubefecit
510 1226 551 1296 in
568 1227 751 1322 Angliah

59 1325 127 1394 Rex
145 1348 300 1398 carmen
314 1348 547 1420 magnopere
563 1326 742 1410 laudavit,
767 1321 1035 1400 collaudatum

61 1438 264 1515 etomneS,
301 1427 368 1518 qui
390 1426 612 1513 audiebant,
651 1425 834 1516 dicentes,
869 1431 1034 1498 et'bene
1120 1497 1122 1502 .

61 1547 124 1592 esse
150 1527 500 1616 compositum,·et
524 1526 700 1598 decenter
731 1526 1033 1616 pronuntiatum.
1119 1521 1122 1540 ²

58 1627 126 1694 Rex
141 1627 366 1715 T-horleivo,
394 1629 435 1697 in
460 1625 658 1716 praemium
680 1627 878 1714 carminis,
904 1650 1033 1698 annu-

58 1724 126 1792 lum
144 1728 311 1814 donavit,
337 1727 514 1808 selibram
532 1726 776 1816 pendentem,
798 1740 838 1796 et
850 1726 1031 1818 gladium,

59 1824 109 1891 cui
121 1828 288 1898 ornando
311 1823 495 1918 quadrans
510 1826 592 1896 auri
608 1825 953 1918 impensusfuarat,
978 1841 1033 1895 at-

59 1947 138 2013 que,
164 1943 209 1996 ut
224 1927 290 1998 diu
306 1951 435 2000 secum
452 1942 567 2016 esset,
592 1927 747 2018 rogavit.
802 1927 1030 2000 Thorleivus

59 2023 173 2116 dignas
194 2029 276 2122 regi
291 2028 430 2120 gratias
453 2026 551 2120 egit,
584 2041 623 2098 et
641 2027 688 2098 ad
711 2027 839 2098 sedem
856 2051 963 2098 suam
991 2049 1030 2096 se
1053 2071 1055 2080 ·
1105 2051 1109 2058 ’

58 2126 194 2216 recepit.
252 2127 501 2220 Sietemporis
510 2126 746 2218 aliquantum
760 2127 950 2218 processit,
966 2150 1030 2194 ne-

59 2247 119 2313 que
127 2230 313 2314 multum,
343 2243 545 2320 antequam
561 2226 786 2300 Thorleivus
800 2239 903 2296 tanta
921 2227 1030 2294 affec·

57 2340 105 2393 tus
121 2341 174 2395 est
189 2329 362 2417 tristitia,
387 2343 431 2397 ut
452 2326 597 2420 poculis
617 2329 799 2400 interesse
821 2325 883 2395 vix
902 2327 1029 2397 adver·
1098 2344 1101 2349 ·

57 2437 158 2515 teret,
180 2451 474 2520 consessumque
490 2429 839 2500 consessorumiere
858 2425 1029 2519 neglige·
1085 2445 1087 2454 ⁴
1180 2497 1182 2505 ,

56 2539 112 2594 ret.
161 2531 272 2622 Quod
290 2554 353 2602 rex
376 2527 547 2598 celeriter
563 2525 1030 2613 animadvertens,Thor·

56 2627 181 2696 leivum
226 2631 271 2698 ad
301 2655 338 2700 se
375 2629 584 2716 arcessivit,
625 2644 664 2698 et
701 2628 811 2696 dixit:
851 2649 1027 2718 quaenam

58 2741 233 2798 causaest
260 2747 353 2810 tuae,
379 2753 401 2800 o
431 2728 652 2816 Thorleive,
676 2726 1028 2817 tristitiffiquiin·
1130 2765 1134 2776 ·

55 2829 164 2898 stituta
172 2843 301 2900 nostra
316 2832 511 2899 observare
523 2830 581 2896 vix
592 2826 784 2898 advertas?
801 2825 1028 2906 Thorleivus

57 2930 256 3020 responde:
282 2931 468 3017 audivisti,
492 2930 613 3014 c-red0,
638 2923 1027 3012 domine,difficu1ta-
1097 2983 1099 2990 ,

54 3038 117 3096 tem
142 3031 197 3101 rei
221 3033 267 3100 ab
293 3032 550 3122 interrogante
574 3028 658 3098 tolli
688 3027 831 3098 debere.
896 3025 1026 3096 Prolo-

56 3151 153 3216 quere
163 3131 350 3224 primum,
370 3130 425 3200 ait
438 3153 514 3200 rex.
572 3125 897 3201 CuiThorleivus:
924 3146 1026 3194 com·

54 3231 145 3315 posui
169 3231 242 3300 hac
269 3233 395 3304 hieme
425 3232 584 3325 aliquot
605 3228 774 3324 strophas
795 3224 841 3296 de
864 3227 1024 3300 Halone

88 3453 114 3522 ¹)
131 3459 251 3526 grannir,
272 3454 361 3524 prave,
384 3457 416 3508 G.
460 3451 489 3522 ²)
508 3456 525 3506 ri
537 3456 670 3526 Englandi
690 3451 765 3524 rjdd'a
785 3454 900 3516 brunda,
919 3447 958 3518 gt:
975 3469 1024 3500 ru«

52 3541 155 3598 hesecere
171 3551 200 3596 in
216 3547 322 3614 Anglia,
351 3547 386 3612 A,
405 3545 451 3597 sed
472 3547 488 3595 ri
505 3545 665 3613 subintelligi
678 3557 777 3614 potest3
798 3547 837 3594 sio
855 3544 925 3593 enim
935 3543 1025 3608 Fragr-

51 3635 128 3686 slinno
150 3641 177 3690 in
200 3637 394 3706 Eirz¹lsdrtipa,
423 3637 504 3686 simili
527 3653 614 3686 nexu:
648 3641 736 3704 mb'rgu
764 3635 838 3686 Ianrli
862 3634 931 3682 haren
957 3629 1024 3698 defit·

51 3727 116 3778 mali
133 3726 214 3792 rodit,
234 3727 266 3778 nl
287 3725 390 3779 tlatniz
406 3723 482 3778 sverd'
500 3729 574 3799 dorii.
626 3722 720 3790 Redit,
740 3725 841 3794 ozbgfir,
866 3722 938 3793 quod
957 3720 1023 3770 eub-

50 3817 205 3883 audiendum,
232 3819 271 3866 uti
302 3833 375 3889 saepe
395 3819 424 3867 in
449 3835 526 3886 prosa
546 3816 620 3882 solet,
640 3833 664 3867 e.
688 3834 714 3884 g.
735 3812 819 3884 Eyrb.
836 3833 864 3884 p.
892 3806 952 3866 124.
968 3810 1024 3862 vi-

51 3907 105 3974 gagl.
120 3908 144 3974 6,
166 3911 193 3960 7.
209 3911 253 3973 23,
272 3907 299 3959 8·
805 3921 808 3928 ’
898 3921 902 3930 ·
959 3893 961 3900 ¹

81 4011 138 4070 Vol.
154 3991 180 4062 3.
790 3978 825 4048 G
