2514 4782
592 267 593 274 ,
716 275 718 281 Α

584 343 850 364 Μ

332 512 359 580 a'
371 509 475 600 jurls
490 533 615 578 unsar
630 509 728 578 dea-

332 610 519 680 iilelreinir
539 612 646 678 lauat
662 607 789 700 steini.

231 712 458 803 Quanquam
492 709 597 802 prior
619 705 886 808 semistropha,
920 703 961 772 in
979 721 1051 794 qua
1069 701 1223 772 fortitu-

114 841 118 847 ·
230 800 359 880 dinem
388 831 426 883 et
455 811 743 883 animositatem
771 805 911 894 Bjaruii
942 805 983 874 in
1016 827 1222 873 commune

228 913 357 982 laudat
370 913 506 1007 poe‘ta,
523 916 565 985 iu
578 911 716 983 mendo
735 912 875 982 cubare
895 906 1081 994 videatur,
1105 905 1223 974 altera

169 1087 170 1094 ,
227 1027 357 1086 tamen
383 1015 484 1086 haud
508 1012 665 1087 obscure
688 1014 850 1098 indicat,
887 1007 1088 1082 Halonem
1110 1003 1223 1098 dyna-

227 1130 322 1186 stam
339 1121 421 1209 (qui
442 1119 504 1186 vix
528 1121 626 1188 alius
642 1119 897 1207 'esse‘potest,
927 1131 1041 1200 quam
1065 1105 1222 1199 dynasta

227 1216 363 1288 Halon
378 1220 531 1313 Sigurdi
557 1221 675 1302 lilius)
699 1217 745 1286 ab
774 1215 851 1285 hoc
865 1212 1014 1302 Bjarnio
1029 1228 1147 1278 cornu
1160 1229 1221 1274 va·

226 1321 394 1415 pulasse,
424 1321 665 1413 eundemque
698 1317 896 1408 Bjerni'um
923 1319 1076 1404 po‘e'tam
1093 1309 1221 1399 appel·
1249 1335 1250 1398 ,

226 1421 308 1488 lari.
363 1424 474 1517 Quod
501 1425 533 1493 si
556 1423 609 1491 ita
629 1434 704 1509 est,
733 1413 950 1488 confirmari
975 1411 1127 1481 videtur
1147 1407 1219 1476 hoo
1249 1401 1250 1478 l

226 1521 339 1591 modo
356 1548 397 1593 ea
415 1525 591 1612 assertio,
617 1522 719 1614 quod
739 1517 913 1609 Bjarnius
935 1520 1047 1606 poeta
1067 1507 1220 1601 aequalis

226 1622 345 1692 fuerit
372 1627 569 1698 Halllredo
602 1623 919 1716 Difficili-poetae.
992 1613 1093 1681 Cum
1131 1631 1217 1678 vero

224 1733 337 1814 poeta
365 1732 521 1814 Noster,
547 1729 588 1798 in
618 1723 771 1816 stropha
800 1715 978 1792 carminis
1003 1713 1157 1798 ultime,
1181 1733 1219 1778 se

226 1846 315 1894 cum
331 1829 390 1898 his
408 1829 630 1902 nominibus
650 1835 866 1917 comparet,
899 1832 937 1886 et
960 1821 1218 1906 poe'rnasuum

224 1922 328 1996 haud
345 1932 553 2002 admodum
571 1931 721 2000 humile
738 1925 832 2019 (aigi
848 1921 986 1992 einkur
1006 1917 1104 2007 luga
1123 1915 1217 1980 dral-

221 2035 295 2120 Ρα)
322 2033 507 2123 appellet„
534 2049 573 2102 et
598 2023 840 2121 exquisitiori
867 2015 1079 2108 rariorique
1111 2010 1217 2082 metri

225 2149 361 2222 genere
387 2133 642 2228 compositum
667 2151 746 2202 esse
772 2123 973 2218 praedicet,
1011 2113 1119 2184 haud·
1142 2111 1216 2180 sine

224 2231 368 2304 ratione
397 2234 643 2308 statuendum
662 2227 901 2326 putaverim,
922 2241 1014 2291 eum
1039 2233 1217 2303 erempo-

226 2330 329 2400 ribus
349 2337 539 2408 Hallfredi
555 2354 594 2408 et
608 2333 749 2426 Bjarnii
765 2353 845 2400 nou
864 2325 1031 2396 multum
1049 2315 1214 2386 abluisse.

224 2430 331 2506 Idem
359 2439 511 2509 indicat.
529 2463 572 2509 ea
597 2433 854 2528 compara-tm,
881 2445 996 2519 quam
1024 2425 1138 2510 poeta
1165 2415 1216 2484 in·

224 2532 380 2607 stituere
391 2541 543 2611 videtur
558 2541 660 2610 inter
676 2557 805 2632 regem
815 2522 975 2600 Olavum
994 2537 1031 2590 et
1048 2538 1128 2586 suae
1138 2528 1218 2582 aeta·

201 2672 203 2678 ¹
224 2633 480 2727 denomines,
506 2641 662 2734 stropha
682 2649 744 2726 25,
772 2634 866 2704 dum
880 2639 1000 2698 artem
1021 2641 1091 2712 per
1103 2637 1216 2686 remos

224 2734 425 2812 incedendi
447 2743 640 2834 simulque
656 2737 832 2838 gladiolis
845 2721 1003 2801 ludendi
1016 2717 1216 2811 aequalibus

225 2859 304 2908 nou
328 2843 539 2934 abjudicat,
569 2844 635 2914 sed
655 2859 801 2933 paucos
824 2835 868 2904 in
888 2851 930 2898 ea
947 2820 1137 2894 excellere
1153 2831 1216 2886 tes·

224 2950 345 3026 tatum
358 3001 360 3006 .
371 2947 473 3036 quod
498 2943 768 3016 testimonium
789 2957 881 3006 cum
897 2930 940 2998 in
951 2930 1146 3012 Norvegos
1159 2937 1218 3008 po-

225 3037 300 3111 tius
319 3069 435 3135 quam
450 3048 494 3122 in
513 3045 686 3119 Islandos
702 3037 877 3136 quadret,
901 3022 1130 3098 sumendum
1145 3037 1218 3132 esse

223 3141 384 3238 videtur,
403 3165 442 3221 et
459 3157 615 3244 politam
632 3168 711 3216 nou
721 3141 850 3214 multo
869 3127 1092 3202 inferiorem
1111 3119 1219 3188 fuisse

224 3253 465 3336 temporibus
482 3237 590 3324 Olavi
608 3245 745 3340 primi,
763 3253 810 3310 'et
827 3229 994 3306 eundern
1014 3227 1058 3337 in
1082 3223 1220 3292 Norve·

226 3341 289 3436 gia
305 3347 372 3418 diu
388 3349 536 3420 vixisse·
600 3354 692 3442 Quae
714 3362 806 3415 aero
830 3338 873 3406 in
898 3339 1116 3402 narratione
1138 3341 1219 3410 pro-

225 3445 325 3537 pria,
350 3450 428 3520 huc
453 3444 653 3536 facientia,
681 3442 877 3524 continet,
907 3433 990 3502 haec
1012 3438 1125 3494 sunt:
1160 3435 1218 3532 stt.

227 3555 266 3633 5,
300 3566 511 3648 memorat,
540 3546 735 3644 quomodo
764 3543 907 3612 Olavus
928 3524 1103 3642 interris
1133 3543 1220 3590 ocn-

227 3647 441 3726 dentalibus
452 3655 807 3741 caedempaternam
819 3634 1086 3709 vindicarent,
1113 3643 1220 3715 quam

226 3753 487 3833 narrationem
504 3757 579 3828 hoc
594 3752 674 3822 solo
693 3749 779 3816 loco
791 3733 990 3813 occurrere
1011 3742 1119 3822 puto.
1170 3725 1218 3834 llq

225 3861 399 3940 tempore
432 3859 509 3928 duo
539 3847 693 3926 tantum
721 3837 941 3937 superstites
986 3839 1109 3939 erant·
1127 3821 1220 3896 Errkr

226 3948 401 4022 Bloddxae
421 3957 514 4041 filii,
538 3948 778 4048 Ragnlrddus
798 3955 836 4012 et
852 3930 1076 4014 Gudr'odus,
1098 3948 1144 4038 ¹¹¹.
1156 3937 1219 3990 ter·

227 4046 278 4116 ris
294 4047 592 4128 occidentalibus
608 4045 782 4144 (Anglia,
808 4035 1014 4119 Hibernia,
1042 4029 1168 4098 Smila
1189 4036 1220 4088 et

229 4147 488 4238 adjacentibus
503 4156 656 4240 insulis)
665 4145 865 4244 piraticam
876 4145 1108 4216 exercentes,
1135 4144 1221 4213 quo-
