2594 4784
23 239 25 278 ;
73 196 250 270 cottum·
417 183 687 244 m
918 161 976 259 33
1004 215 1005 222 Ν

23 475 25 490 ,
74 397 182 469 valdus
200 415 243 464 ec
265 388 326 462 sui
351 390 524 462 Islendiee
543 389 701 482 redditi,
725 391 892 466 hiemem
920 401 1040 468 Otter·

23 491 24 556 Ῑ
72 498 167 566 stadis
183 505 456 588 transegerunt
510 491 655 562 Deinde
678 494 912 566 Thorvaldus
937 519 1041 590 pere
1085 565 1088 575 ⁴
1125 551 1132 562 .

71 623 126 697 gre
139 621 201 688 pro
205 595 325 664 fectus
341 610 409 682 est,
422 593 641 664 Hallfredus
658 617 746 664 vero
766 595 1039 700 villicationem

70 697 261 769 instituitet
274 693 492 766 Otterstedis
509 689 1041 788 habitavit3hicquoqueD1f
1121 704 1125 714 ’

70 799 183 868 licilis
169 804 323 888 poete,
361 812 406 866 ut
438 813 545 886 puter
571 818 683 910 suus,
721 799 933 888 appellatus
965 813 1040 884 estr

70 901 153 969 idem
184 897 243 966 vir
275 895 435 966 illustris
475 897 682 988 magnique
712 898 878 970 nominis
912 901 1038 988 evasit,

69 1002 269 1091 multosque
289 996 423 1066 hebuit
439 1011 608 1087 nepotes.

309 1092 438 1189 [More
465 1099 614 1167 &veinis
640 1099 771 1195 regis}

108 1201 189 1315 Cep
199 1205 273 1273 265
297 1198 435 1268 Sveinn
458 1199 485 1268 F
488 1198 938 1288 urcoburbus‚Danorum
960 1224 1038 1291 rex,

68 1325 138 1370 cum
153 1302 194 1370 in
208 1311 317 1392 perte
332 1297 449 1392 regni,
465 1322 578 1390 quam
596 1300 638 1370 in
651 1303 684 1372 N
674 1324 836 1411 orvegre
847 1316 933 1392 post
947 1324 1040 1399 pug

67 1426 138 1472 nam
155 1399 386 1472 Svitldricam
403 1397 627 1488 obtinuerat,
651 1398 911 1493 proportione
931 1404 1039 1473 Olevi

68 1503 229 1572 Srionum
248 1501 347 1594 regis
367 1511 405 1568 et
419 1499 536 1572 Eiriki
556 1501 732 1594 dynastae,
747 1503 1038 1594 preelectuscon·

23 1679 24 1696 χ
68 1603 240 1688 stituisset,
253 1615 434 1672 -eustrum
453 1621 581 1670 versus
595 1603 636 1673 in
658 1605 822 1673 Daniem
846 1603 1041 1694 profectus

66 1703 229 1797 regnisui
250 1725 360 1772 curas
380 1702 603 1772 resumebat.
653 1704 744 1774 Post
759 1725 837 1773 non
861 1705 914 1774 ita
939 1707 1039 1774 mul

23 1807 24 1856 Ὗ
64 1820 113 1892 to,
133 1804 298 1888 exercitu
318 1799 553 1872 occidentem
576 1825 701 1873 versus
714 1827 755 1872 1u
773 1804 947 1900 Angliem
964 1821 1038 1874 tre·

23 1901 24 1904 ’
64 1903 167 1992 jecto,
206 1904 353 1974 bellum
381 1897 512 1972 intulit
545 1903 626 1996 regi
655 1903 884 1974 Adalredol
868 1901 1037 2000 latgeiris

64 2003 132 2072 filio
141 2029 243 2098 ‚qut
231 2003 392 2074 multis
410 2001 567 2096 preeliis,
591 2003 852 2092 reuomente,
874 2005 976 2074 inter
997 2029 1036 2074 se

64 2103 286 2176 dimicarunt.
354 2103 526 2176 Tandem
548 2128 615 2173 rex
642 2103 848 2174 Adalredus
877 2129 898 2172 e
919 2129 1036 2201 regno

61 2206 227 2298 profugit,
251 2206 353 2300 quod
369 2207 563 2281 Danorum
579 2227 644 2276 rex
660 2206 772 2274 ermis
790 2205 945 2296 potitus,
971 2208 1038 2276 ali·

62 2323 142 2396 quot
155 2307 304 2376 hiemes
323 2305 392 2376 sub
419 2305 692 2396 sue'potestete
719 2329 807 2374 cum
833 2311 1037 2378 Denorum

61 2407 164 2498 copiis
180 2408 316 2478 tenuit.
371 2406 443 2476 Sed
455 2427 600 2479 nonum
623 2422 709 2498 post
732 2429 895 2494 annum,
922 2431 1038 2498 quem

59 2509 206 2599 Serpens
224 2510 360 2604 longus
382 2507 428 2576 ab
458 2507 575 2576 Olevo
599 2529 689 2600 rege
712 2529 789 2599 pree
814 2507 1037 2580 Viudlandia

59 2607 283 2704 expugnatur
299 2623 366 2695 est,
393 2606 577 2678 acciditin
593 2607 798 2700 Anglim'ut
813 2629 878 2676 rex
896 2609 1036 2678 Sveinn

23 2767 24 2812 p
56 2723 163 2778 noctu
180 2711 222 2778 in
239 2709 339 2778 lecto
358 2705 478 2778 subite
492 2723 614 2778 morte
634 2705 734 2777 diem
750 2704 894 2793 obiret3
919 2727 1036 2800 quem

55 2809 160 2902 Angli
186 2810 233 2879 ab
267 2829 357 2902 rege
379 2808 578 2880 latmundo
603 2823 729 2878 sancto
761 2807 892 2876 eodem
921 2809 1035 2878 modo

55 2909 298 2983 interfectum
322 2909 495 2998 tradunt,
520 2932 595 3000 quo
620 2932 642 2980 e
663 2909 856 2980 Mercurio
880 2909 1035 3004 gigante

54 3011 400 3102 Julianusaposteta
422 3009 641 3078 interiectus
659 3010 717 3080 sit.
769 3011 853 3102 Quo
871 3009 1036 3101 cognito,

53 3133 113 3178 rex
133 3110 358 3198 Adalradus,
384 3111 451 3202 qui
464 3125 549 3180 tum
571 3109 612 3178 in
630 3108 852 3202 Flaemingie
877 3107 970 3197 fuit,
993 3111 1036 3180 in

52 3211 225 3304 Angliem
241 3234 431 3298 reversus,
461 3231 548 3280 cum
568 3231 703 3303 magna
716 3208 920 3279 hominum
936 3210 1035 3279 mul-

51 3311 169 3381 titudo
189 3311 236 3380 ad
255 3335 343 3382 eum
361 3311 583 3398 conflueret,
608 3331 770 3403 regnum
782 3310 1035 3402 recuperavit3

53 3434 119 3500 quo
137 3411 231 3482 duos
251 3427 336 3504 port
351 3434 470 3482 annos
486 3423 657 3501 mortuo,
685 3411 910 3482 Jetmundus
933 3410 1035 3480 filius

53 3531 209 3609 regnum
226 3513 371 3610 Angliae
389 3513 564 3606 suscepit

258 3605 414 3706 [Obitus
438 3615 565 3684 Etr-iti
592 3607 819 3727 Dynastu}

94 3711 185 3806 Cap.
204 3715 279 3786 266
312 3706 589 3822 Knutus‚s1·lius
607 3707 749 3782 Sveinls
774 3707 906 3783 Denite
920 3706 1034 3806 regie,

49 3827 196 3884 mortuo
223 3829 340 3906 petre,
359 3836 521 3909 regnum
546 3812 721 3905 suscepit
787 3811 823 3884 Is
850 3811 965 3882 hec
955 3835 1036 3904 ipsa

51 3928 198 4006 estate,
233 3929 434 4010 postquem
459 3938 524 3986 rex
552 3914 756 3988 Adelredue
778 3928 953 3985 mortuus
967 3929 1033 4005 ert,

79 4043 141 4098 t'nl.
164 4047 209 4096 8.·
593 4051 594 4058 ’
804 4014 833 4081 C
905 4061 907 4070 ¹
