2534 4778
191 278 195 285 ·
280 227 370 320 106
567 251 836 320 ι-““-“·-“-“““““--«
1080 270 1207 336 ca-”r

212 456 375 533 evolutis
391 453 601 548 intestinis,
621 459 761 560 insigni
776 485 864 536 curn
881 461 991 536 laude
1009 465 1207 546 fortitudi-

213 561 272 640 nis
287 559 511 656 exspiravit,
546 585 727 658 magnum
749 563 808 632 sui
837 563 1061 642 desiderium
1085 569 1205 640 relin-

215 683 352 755 quens,
395 659 473 754 jara
509 665 682 736 omnibus
721 687 791 754 pre
826 677 928 736 certo
961 665 1205 758 habentibus,

214 757 480 856 Thorgardum
496 761 616 835 istum
630 767 780 835 nullum
800 765 918 840 aliurn
934 765 1062 852 fuisse,
1085 793 1205 858 quam

211 857 530 940 incantationibus
570 880 609 934 et
647 868 768 962 magia
806 864 974 939 Hakonis
1019 869 1201 940 excitum.

212 966 361 1044 Deinde
389 959 612 1038 'I'horleiv'us
646 969 796 1039 tumulo
825 965 995 1044 conditus
1023 984 1100 1055 est,
1134 974 1203 1062 qui

123 1099 128 1102 ·
210 1065 1085 1168 tumulusaburealipartesenacrrlisitusetiam
1097 1095 1202 1150 nunc

210 1172 370 1252 visitem.
385 1167 519 1244 fratres
538 1193 626 1240 vero
651 1169 742 1257 ejuS,
760 1172 837 1260 qui,
853 1167 943 1238 dum
959 1169 1041 1238 haec
1055 1172 1202 1243 accide-

211 1289 314 1360 runt,
335 1275 375 1348 in
391 1268 551 1344 comitiis
573 1269 738 1358 aderant,
766 1291 900 1360 corpus.
920 1268 1115 1348 Thorleivi
1128 1272 1201 1340 ho·

210 1373 468 1452 nesteronem
486 1372 716 1458 extulerunt,
740 1371 852 1462 eique
865 1369 989 1460 prisco
1006 1394 1112 1443 more
1133 1396 1200 1466 pa·

210 1488 430 1552 rentarunts
455 1473 586 1568 Asgeir
607 1485 756 1557 autem,
782 1483 891 1565 pater
917 1493 1073 1560 eorum,
1096 1473 1200 1550 haud

211 1577 437 1652 mulmento
456 1573 670 1644 deusserat.
722 1571 871 1646 Deinde
889 1570 1045 1648 domum
1067 1573 1112 1642 ab
1137 1597 1201 1642 εον

209 1675 333 1750 mitiis
353 1672 517 1746 reditum
546 1685 623 1764 est;¹
651 1684 768 1762 atque
795 1671 877 1743 haec
905 1687 1038 1748 eventa
1058 1675 1200 1764 passim

208 1798 279 1868 per
301 1773 502 1848 rslandiam
523 1773 623 1842 fama
653 1773 958 1862 celebrabantur,
989 1788 1027 1844 et
1051 1775 1198 1872 gravio-

210 1879 261 1950 ris
282 1873 470 1947 momenti
485 1875 562 1947 visa
579 1887 679 1947 sunt.

490 1976 636 2046 Versus
655 1973 916 2064 Hallbjiirnis..

210 2080 213 2087 “
261 2077 347 2169 Cap.
372 2081 403 2148 Ὗ.
458 2073 649 2145 Habitavit
679 2073 719 2147 in
755 2073 980 2170 Thingvallo
1013 2076 1090 2163 vir,
1127 2100 1197 2145 no-

208 2178 311 2248 mine
328 2175 520 2256 'Pharbell
538 2175 737 2266 pecoribus
756 2174 874 2262 dives,
892 2177 1091 2250 commodo
1105 2201 1198 2246 usus

208 2281 265 2348 rei
292 2275 529 2348 oeconomice
560 2289 676 2364 statu,
719 2276 761 2346 in
792 2280 898 2348 nulla
923 2293 1051 2350 tamen
1072 2277 1197 2370 digni-

207 2393 286 2448 tate
297 2377 531 2447 constitutus.
573 2378 697 2464 Opilio
712 2377 793 2464 ejus
810 2379 1075 2452 nominabatur
1087 2380 1197 2450 Hall-

207 2479 327 2566 bjbrn,
355 2477 720 2569 cognomineHalius
734 2479 901 2564 (Gauda).
957 2479 1136 2574 Quicum
1153 2479 1197 2547 in

209 2603 292 2649 eam
317 2577 634 2652 consuetudinem
656 2577 838 2652 adductus
866 2593 982 2666 esset,
1012 2595 1056 2648 ut
1071 2579 1111 2647 in
1133 2595 1197 2648 tu·

207 2681 360 2748 mulum
380 2677 574 2750 Thorle-ivi
593 2679 810 2766 ventitaret,
834 2680 888 2753 ibi
909 2694 1028 2754 noctu
1050 2679 1196 2750 dormi-

206 2793 285 2869 ret,
308 2792 348 2852 et
367 2779 531 2875 pecudes
547 2778 648 2850 haud
674 2783 809 2873 procul
833 2782 878 2850 ab
903 2805 949 2850 eo
963 2781 1051 2858 loco
1065 2803 1196 2872 pasce-

206 2895 282 2966 ret,
309 2879 465 2971 'semper
489 2880 658 2951 animum
685 2883 765 2970 ejus
787 2882 903 2958 subiit
926 2882 1083 2978 cupido,
1111 2903 1197 2952 car-

206 3003 296 3056 men
325 2979 476 3070 aliquod
509 2979 763 3053 laudatorium
796 2983 841 3050 de
874 2983 1063 3060 tumulato
1101 3007 1196 3057 con-

207 3079 341 3168 dendi,
366 3080 512 3170 hincque
529 3103 676 3174 semper
701 3083 743 3152 in
762 3105 826 3152 ore
848 3083 999 3169 habuit,
1026 3084 1197 3174 quoties-

107 3234 112 3243 ,
208 3204 357 3270 cunque
375 3180 415 3248 in
428 3182 577 3250 tumulo
589 3185 736 3270 jaceret.
774 3185 975 3272 Propterea
988 3207 1076 3252 vero
1087 3187 1196 3274 quod

204 3288 315 3380 po'eta
332 3281 531 3368 nonfuit,
563 3305 721 3372 eamque
739 3281 956 3358 facultatem
980 3285 1023 3352 ab
1049 3298 1196 3360 natura

204 3404 283 3455 non
309 3393 519 3470 acceperat,
561 3404 712 3453 carmen
739 3381 863 3456 facere
888 3385 1016 3455 nullus
1044 3386 1197 3478 potuit,

203 3505 332 3575 neque
347 3481 388 3552 io
399 3481 591 3560 condendo
600 3483 865 3579 poemateplus
880 3484 1051 3577 profecit,
1068 3508 1197 3576 quam

202 3599 247 3654 ut
267 3583 320 3654 ita
334 3583 534 3672 inciperet:
627 3598 630 3618 ¹

352 3683 426 3755 Hic
442 3686 535 3752 situs
552 3699 609 3753 est
628 3691 758 3776 poeta,
1169 3743 1173 3753 ,

201 3784 312 3875 plura
337 3797 466 3853 autem
491 3785 624 3854 addere
645 3811 723 3858 non
745 3787 881 3878 potuit.
934 3787 1082 3858 Accidit
1106 3813 1194 3860 una

201 3895 332 3974 nocte,
366 3900 409 3953 ut
434 3889 587 3982 saepius,
621 3888 729 3958 utin
751 3890 903 3957 tumulo
927 3890 1052 3977 jacens
1077 3889 1211 3960 idem'

200 3984 369 4058 studium
390 3986 515 4055 animo
531 3989 705 4084 agitaret,
731 3990 761 4058 si
780 3989 872 4080 quid
885 3989 926 4056 in
948 3990 1100 4058 laudem
1124 4007 1193 4060 tu-

201 4085 335 4160 mulati
353 4087 537 4162 conficere
551 4109 686 4186 posset.
732 4091 876 4168 Deinde
889 4090 1193 4184 obdormiscens,
