<?xml version="1.0" encoding="UTF-8"?>
<!DOCTYPE html PUBLIC "-//W3C//DTD XHTML 1.0 Transitional//EN"
    "http://www.w3.org/TR/xhtml1/DTD/xhtml1-transitional.dtd">
<html xmlns="http://www.w3.org/1999/xhtml" xml:lang="en" lang="en">
 <head>
  <title>
</title>
<meta http-equiv="Content-Type" content="text/html;charset=utf-8" />
  <meta name='ocr-system' content='tesseract 3.04.00' />
  <meta name='ocr-capabilities' content='ocr_page ocr_carea ocr_par ocr_line ocrx_word'/>
</head>
<body>
  <div class='ocr_page' id='page_1' title='image "./scriptahistoric01dengoog_0178.png"; bbox 0 0 2514 4782; ppageno 0'>
   <div class='ocr_carea' id='block_1_1' title="bbox 70 281 1038 368">
    <p class='ocr_par' dir='ltr' id='par_1_1' title="bbox 70 281 1038 368">
     <span class='ocr_line' id='line_1_1' title="bbox 70 281 1038 368; baseline 0.009 -9"><span class='ocrx_word' id='word_1_1' title='bbox 70 291 143 362; x_wconf 73' lang='lat' dir='ltr'>ott.</span> <span class='ocrx_word' id='word_1_2' title='bbox 435 289 703 328; x_wconf 68' lang='lat'>&#39;&#39;¹¹¹¹&#39;&#39;—</span> <span class='ocrx_word' id='word_1_3' title='bbox 904 281 992 368; x_wconf 76' lang='lat'>165</span> <span class='ocrx_word' id='word_1_4' title='bbox 1037 339 1038 355; x_wconf 41' lang='grc' dir='ltr'>ι</span> 
     </span>
    </p>
   </div>
   <div class='ocr_carea' id='block_1_2' title="bbox 440 337 703 350">
    <p class='ocr_par' dir='ltr' id='par_1_2' title="bbox 440 337 703 350">
     <span class='ocr_line' id='line_1_2' title="bbox 440 337 703 350; baseline 0.023 -5"><span class='ocrx_word' id='word_1_5' title='bbox 440 337 591 349; x_wconf 44' lang='lat' dir='ltr'>mou-..m</span> <span class='ocrx_word' id='word_1_6' title='bbox 600 342 623 349; x_wconf 79' lang='lat'>·-</span> <span class='ocrx_word' id='word_1_7' title='bbox 636 341 703 350; x_wconf 69' lang='lat' dir='ltr'>-n--n</span> 
     </span>
    </p>
   </div>
   <div class='ocr_carea' id='block_1_3' title="bbox 1 473 1107 4052">
    <p class='ocr_par' dir='ltr' id='par_1_3' title="bbox 1 473 1107 4052">
     <span class='ocr_line' id='line_1_3' title="bbox 68 473 1053 600; baseline 0.008 -37"><span class='ocrx_word' id='word_1_8' title='bbox 68 493 205 564; x_wconf 84' lang='lat' dir='ltr'>misit&#39;.</span> <span class='ocrx_word' id='word_1_9' title='bbox 260 497 389 565; x_wconf 82' lang='lat' dir='ltr'><strong>Frater</strong></span> <span class='ocrx_word' id='word_1_10' title='bbox 413 473 662 600; x_wconf 79' lang='lat' dir='ltr'>Gunirlaugus</span> <span class='ocrx_word' id='word_1_11' title='bbox 690 502 726 570; x_wconf 89' lang='lat' dir='ltr'>id</span> <span class='ocrx_word' id='word_1_12' title='bbox 742 503 864 574; x_wconf 75' lang='lat' dir='ltr'>sotem</span> <span class='ocrx_word' id='word_1_13' title='bbox 884 506 1053 596; x_wconf 84' lang='lat' dir='ltr'>sescrip-</span> 
     </span>
     <span class='ocr_line' id='line_1_4' title="bbox 69 596 1052 685; baseline 0.011 -21"><span class='ocrx_word' id='word_1_14' title='bbox 69 596 159 664; x_wconf 85' lang='lat' dir='ltr'>sisse</span> <span class='ocrx_word' id='word_1_15' title='bbox 174 597 314 682; x_wconf 86' lang='lat' dir='ltr'>asserit,</span> <span class='ocrx_word' id='word_1_16' title='bbox 330 597 427 685; x_wconf 92' lang='lat' dir='ltr'>quod</span> <span class='ocrx_word' id='word_1_17' title='bbox 446 601 491 668; x_wconf 91' lang='lat' dir='ltr'>ab</span> <span class='ocrx_word' id='word_1_18' title='bbox 506 605 929 678; x_wconf 84' lang='lat' dir='ltr'>veracibushorninibus</span> <span class='ocrx_word' id='word_1_19' title='bbox 944 609 1052 675; x_wconf 85' lang='lat' dir='ltr'>audi·</span> 
     </span>
     <span class='ocr_line' id='line_1_5' title="bbox 68 696 1062 798; baseline 0.012 -34"><span class='ocrx_word' id='word_1_20' title='bbox 68 699 180 780; x_wconf 83' lang='lat' dir='ltr'>verit,</span> <span class='ocrx_word' id='word_1_21' title='bbox 202 696 314 788; x_wconf 91' lang='lat' dir='ltr'>idque</span> <span class='ocrx_word' id='word_1_22' title='bbox 333 699 522 790; x_wconf 78' lang='lat' dir='ltr'>praecipue</span> <span class='ocrx_word' id='word_1_23' title='bbox 543 703 752 798; x_wconf 78' lang='lat' dir='ltr'><strong>collegisse,</strong></span> <span class='ocrx_word' id='word_1_24' title='bbox 774 709 873 798; x_wconf 88' lang='lat' dir='ltr'>quod</span> <span class='ocrx_word' id='word_1_25' title='bbox 891 710 931 778; x_wconf 91' lang='lat' dir='ltr'>in</span> <span class='ocrx_word' id='word_1_26' title='bbox 948 709 1062 777; x_wconf 84' lang='lat' dir='ltr'>libris</span> 
     </span>
     <span class='ocr_line' id='line_1_6' title="bbox 68 798 1049 900; baseline 0.014 -38"><span class='ocrx_word' id='word_1_27' title='bbox 68 798 277 890; x_wconf 84' lang='lat' dir='ltr'>presbyteri</span> <span class='ocrx_word' id='word_1_28' title='bbox 297 800 379 865; x_wconf 86' lang='lat' dir='ltr'>Arii</span> <span class='ocrx_word' id='word_1_29' title='bbox 394 800 638 892; x_wconf 87' lang='lat' dir='ltr'>Polyhistoris</span> <span class='ocrx_word' id='word_1_30' title='bbox 658 809 869 898; x_wconf 59' lang='lat' dir='ltr'>repererit,</span> <span class='ocrx_word' id='word_1_31' title='bbox 884 812 1049 900; x_wconf 84' lang='lat' dir='ltr'>exposito</span> 
     </span>
     <span class='ocr_line' id='line_1_7' title="bbox 67 899 1050 1000; baseline 0.013 -37"><span class='ocrx_word' id='word_1_32' title='bbox 67 913 192 966; x_wconf 85' lang='lat' dir='ltr'>autem</span> <span class='ocrx_word' id='word_1_33' title='bbox 225 899 376 988; x_wconf 74' lang='lat' dir='ltr'>praelio,</span> <span class='ocrx_word' id='word_1_34' title='bbox 400 901 455 1000; x_wconf 86' lang='lat' dir='ltr'>ad</span> <span class='ocrx_word' id='word_1_35' title='bbox 484 904 847 1000; x_wconf 62' lang='lat' dir='ltr'>valdram-gesto,</span> <span class='ocrx_word' id='word_1_36' title='bbox 878 910 1050 978; x_wconf 87' lang='lat' dir='ltr'>laudatus</span> 
     </span>
     <span class='ocr_line' id='line_1_8' title="bbox 64 999 1049 1092; baseline 0.015 -29"><span class='ocrx_word' id='word_1_37' title='bbox 64 999 435 1092; x_wconf 85' lang='lat' dir='ltr'>iraterGunnleugus</span> <span class='ocrx_word' id='word_1_38' title='bbox 452 1008 663 1076; x_wconf 87' lang='lat' dir='ltr'>monachus</span> <span class='ocrx_word' id='word_1_39' title='bbox 682 999 892 1080; x_wconf 84' lang='lat' dir='ltr'>orationem</span> <span class='ocrx_word' id='word_1_40' title='bbox 902 1011 946 1078; x_wconf 88' lang='lat' dir='ltr'>ad</span> <span class='ocrx_word' id='word_1_41' title='bbox 956 1011 1049 1078; x_wconf 91' lang='lat' dir='ltr'>auli·</span> 
     </span>
     <span class='ocr_line' id='line_1_9' title="bbox 1 1100 1070 1202; baseline 0.016 -40"><span class='ocrx_word' id='word_1_42' title='bbox 1 1111 2 1188; x_wconf 55' lang='grc' dir='ltr'><em>ᾗ</em></span> <span class='ocrx_word' id='word_1_43' title='bbox 65 1121 151 1166; x_wconf 89' lang='lat' dir='ltr'>cum</span> <span class='ocrx_word' id='word_1_44' title='bbox 173 1100 395 1190; x_wconf 89' lang='lat' dir='ltr'>episcopum</span> <span class='ocrx_word' id='word_1_45' title='bbox 411 1105 511 1200; x_wconf 83' lang='lat' dir='ltr'>regis</span> <span class='ocrx_word' id='word_1_46' title='bbox 522 1108 627 1196; x_wconf 78' lang='lat' dir='ltr'>Olavi</span> <span class='ocrx_word' id='word_1_47' title='bbox 648 1115 842 1200; x_wconf 89' lang='lat' dir='ltr'>convertit,</span> <span class='ocrx_word' id='word_1_48' title='bbox 856 1112 936 1202; x_wconf 53' lang='lat' dir='ltr'>‘qui</span> <span class='ocrx_word' id='word_1_49' title='bbox 956 1113 1070 1189; x_wconf 66' lang='lat' dir='ltr'>Jon2&#39;</span> 
     </span>
     <span class='ocr_line' id='line_1_10' title="bbox 1 1199 1047 1302; baseline 0.012 -37"><span class='ocrx_word' id='word_1_50' title='bbox 1 1239 2 1254; x_wconf 32' lang='grc' dir='ltr'><strong>κ</strong></span> <span class='ocrx_word' id='word_1_51' title='bbox 65 1199 246 1290; x_wconf 82' lang='lat' dir='ltr'>Sigurdus</span> <span class='ocrx_word' id='word_1_52' title='bbox 265 1201 485 1272; x_wconf 84' lang='lat' dir='ltr'>nominatus</span> <span class='ocrx_word' id='word_1_53' title='bbox 504 1221 577 1295; x_wconf 87' lang='lat' dir='ltr'>est,</span> <span class='ocrx_word' id='word_1_54' title='bbox 604 1211 648 1278; x_wconf 90' lang='lat' dir='ltr'>de</span> <span class='ocrx_word' id='word_1_55' title='bbox 667 1221 742 1302; x_wconf 65' lang='lat' dir='ltr'>quo*</span> <span class='ocrx_word' id='word_1_56' title='bbox 756 1233 848 1302; x_wconf 87' lang='lat' dir='ltr'>pace</span> <span class='ocrx_word' id='word_1_57' title='bbox 869 1213 929 1280; x_wconf 91' lang='lat' dir='ltr'>dei</span> <span class='ocrx_word' id='word_1_58' title='bbox 954 1216 1047 1279; x_wconf 85' lang='lat' dir='ltr'>non·</span> 
     </span>
     <span class='ocr_line' id='line_1_11' title="bbox 63 1300 1047 1401; baseline 0.015 -35"><span class='ocrx_word' id='word_1_59' title='bbox 63 1300 166 1368; x_wconf 87' lang='lat' dir='ltr'>nulla</span> <span class='ocrx_word' id='word_1_60' title='bbox 191 1301 377 1371; x_wconf 89' lang='lat' dir='ltr'>dicentur.</span> <span class='ocrx_word' id='word_1_61' title='bbox 440 1307 569 1390; x_wconf 74' lang='lat' dir='ltr'>[Haud</span> <span class='ocrx_word' id='word_1_62' title='bbox 609 1313 776 1384; x_wconf 86' lang='lat' dir='ltr'>alienum</span> <span class='ocrx_word' id='word_1_63' title='bbox 809 1327 882 1401; x_wconf 87' lang='lat' dir='ltr'>est,</span> <span class='ocrx_word' id='word_1_64' title='bbox 916 1313 1047 1397; x_wconf 85' lang='lat' dir='ltr'>(verba</span> 
     </span>
     <span class='ocr_line' id='line_1_12' title="bbox 1 1391 1047 1504; baseline 0.013 -39"><span class='ocrx_word' id='word_1_65' title='bbox 1 1432 2 1480; x_wconf 66' lang='lat' dir='ltr'>t</span> <span class='ocrx_word' id='word_1_66' title='bbox 65 1414 149 1468; x_wconf 85' lang='lat' dir='ltr'>sunt</span> <span class='ocrx_word' id='word_1_67' title='bbox 165 1391 287 1471; x_wconf 77' lang='lat' dir='ltr'>fratris</span> <span class='ocrx_word' id='word_1_68' title='bbox 299 1403 542 1502; x_wconf 77' lang='lat' dir='ltr'>Gunnlaug&#39;i),</span> <span class='ocrx_word' id='word_1_69' title='bbox 558 1409 647 1482; x_wconf 88' lang='lat' dir='ltr'>huic</span> <span class='ocrx_word' id='word_1_70' title='bbox 660 1413 829 1484; x_wconf 82' lang='lat' dir='ltr'>historiae</span> <span class='ocrx_word' id='word_1_71' title='bbox 843 1413 1047 1504; x_wconf 83' lang='lat' dir='ltr'>adjungere</span> 
     </span>
     <span class='ocr_line' id='line_1_13' title="bbox 1 1499 1046 1607; baseline 0.016 -42"><span class='ocrx_word' id='word_1_72' title='bbox 1 1499 2 1582; x_wconf 28' lang='grc' dir='ltr'>ζ</span> <span class='ocrx_word' id='word_1_73' title='bbox 61 1501 313 1571; x_wconf 85' lang='lat' dir='ltr'>narrationem</span> <span class='ocrx_word' id='word_1_74' title='bbox 329 1505 374 1574; x_wconf 87' lang='lat' dir='ltr'>de</span> <span class='ocrx_word' id='word_1_75' title='bbox 388 1522 515 1576; x_wconf 86' lang='lat' dir='ltr'>sancte</span> <span class='ocrx_word' id='word_1_76' title='bbox 532 1512 607 1579; x_wconf 89' lang='lat' dir='ltr'>vita</span> <span class='ocrx_word' id='word_1_77' title='bbox 628 1532 665 1584; x_wconf 91' lang='lat' dir='ltr'>et</span> <span class='ocrx_word' id='word_1_78' title='bbox 690 1519 795 1607; x_wconf 84' lang='lat' dir='ltr'>gravi</span> <span class='ocrx_word' id='word_1_79' title='bbox 818 1537 971 1603; x_wconf 81' lang='lat' dir='ltr'>morum</span> <span class='ocrx_word' id='word_1_80' title='bbox 991 1533 1046 1578; x_wconf 87' lang='lat' dir='ltr'>se·</span> 
     </span>
     <span class='ocr_line' id='line_1_14' title="bbox 1 1601 1046 1706; baseline 0.014 -42"><span class='ocrx_word' id='word_1_81' title='bbox 1 1635 2 1650; x_wconf 50' lang='lat'>1</span> <span class='ocrx_word' id='word_1_82' title='bbox 61 1601 215 1670; x_wconf 86' lang='lat' dir='ltr'>veritate</span> <span class='ocrx_word' id='word_1_83' title='bbox 251 1607 450 1696; x_wconf 85' lang='lat' dir='ltr'>apostotici</span> <span class='ocrx_word' id='word_1_84' title='bbox 482 1611 644 1702; x_wconf 88' lang='lat' dir='ltr'>domini,</span> <span class='ocrx_word' id='word_1_85' title='bbox 695 1639 807 1706; x_wconf 90' lang='lat' dir='ltr'>supra</span> <span class='ocrx_word' id='word_1_86' title='bbox 843 1611 1046 1684; x_wconf 83' lang='lat' dir='ltr'>memorati</span> 
     </span>
     <span class='ocr_line' id='line_1_15' title="bbox 61 1701 1045 1811; baseline 0.019 -44"><span class='ocrx_word' id='word_1_87' title='bbox 61 1701 171 1770; x_wconf 85' lang='lat' dir='ltr'>aulici</span> <span class='ocrx_word' id='word_1_88' title='bbox 187 1703 365 1798; x_wconf 85' lang='lat' dir='ltr'>episcopi,</span> <span class='ocrx_word' id='word_1_89' title='bbox 390 1723 435 1775; x_wconf 85' lang='lat' dir='ltr'>ut</span> <span class='ocrx_word' id='word_1_90' title='bbox 454 1730 694 1805; x_wconf 82' lang='lat' dir='ltr'>compertum</span> <span class='ocrx_word' id='word_1_91' title='bbox 713 1717 931 1811; x_wconf 77' lang='lat' dir='ltr'>habeamus,</span> <span class='ocrx_word' id='word_1_92' title='bbox 957 1737 1045 1802; x_wconf 76' lang='lat' dir='ltr'>qua-</span> 
     </span>
     <span class='ocr_line' id='line_1_16' title="bbox 60 1802 1044 1908; baseline 0.011 -40"><span class='ocrx_word' id='word_1_93' title='bbox 60 1802 134 1870; x_wconf 86' lang='lat' dir='ltr'>lern</span> <span class='ocrx_word' id='word_1_94' title='bbox 150 1803 238 1872; x_wconf 84' lang='lat' dir='ltr'>vitae</span> <span class='ocrx_word' id='word_1_95' title='bbox 251 1807 395 1877; x_wconf 86' lang='lat' dir='ltr'>exitum</span> <span class='ocrx_word' id='word_1_96' title='bbox 410 1808 603 1897; x_wconf 64' lang='lat' dir='ltr'>habuerit,</span> <span class='ocrx_word' id='word_1_97' title='bbox 630 1813 709 1908; x_wconf 90' lang='lat' dir='ltr'>[hic</span> <span class='ocrx_word' id='word_1_98' title='bbox 723 1819 826 1886; x_wconf 88' lang='lat' dir='ltr'>enim</span> <span class='ocrx_word' id='word_1_99' title='bbox 841 1815 1044 1908; x_wconf 81' lang='lat' dir='ltr'>primarius</span> 
     </span>
     <span class='ocr_line' id='line_1_17' title="bbox 58 1901 1044 2006; baseline 0.022 -39"><span class='ocrx_word' id='word_1_100' title='bbox 58 1901 127 1972; x_wconf 81' lang='lat' dir='ltr'>tuit</span> <span class='ocrx_word' id='word_1_101' title='bbox 153 1905 298 1976; x_wconf 90' lang='lat' dir='ltr'>domini</span> <span class='ocrx_word' id='word_1_102' title='bbox 317 1912 416 2001; x_wconf 81' lang='lat' dir='ltr'>regis</span> <span class='ocrx_word' id='word_1_103' title='bbox 436 1911 585 1996; x_wconf 81' lang='lat' dir='ltr'>adjutor</span> <span class='ocrx_word' id='word_1_104' title='bbox 611 1919 652 1987; x_wconf 92' lang='lat' dir='ltr'>in</span> <span class='ocrx_word' id='word_1_105' title='bbox 678 1921 799 1998; x_wconf 81' lang='lat' dir='ltr'>salute</span> <span class='ocrx_word' id='word_1_106' title='bbox 816 1935 940 1988; x_wconf 85' lang='lat' dir='ltr'>nostra</span> <span class='ocrx_word' id='word_1_107' title='bbox 958 1939 1044 2006; x_wconf 80' lang='lat' dir='ltr'>pto·</span> 
     </span>
     <span class='ocr_line' id='line_1_18' title="bbox 58 2005 1043 2109; baseline 0.016 -40"><span class='ocrx_word' id='word_1_108' title='bbox 58 2007 260 2094; x_wconf 87' lang='lat' dir='ltr'>movenda,</span> <span class='ocrx_word' id='word_1_109' title='bbox 287 2011 385 2078; x_wconf 87' lang='lat' dir='ltr'>unde</span> <span class='ocrx_word' id='word_1_110' title='bbox 409 2011 529 2083; x_wconf 86' lang='lat' dir='ltr'>factus</span> <span class='ocrx_word' id='word_1_111' title='bbox 552 2005 664 2088; x_wconf 86' lang='lat' dir='ltr'>nobis</span> <span class='ocrx_word' id='word_1_112' title='bbox 687 2021 838 2088; x_wconf 84' lang='lat' dir='ltr'>videtur</span> <span class='ocrx_word' id='word_1_113' title='bbox 866 2017 1043 2109; x_wconf 84' lang='lat' dir='ltr'>apostoli-</span> 
     </span>
     <span class='ocr_line' id='line_1_19' title="bbox 60 2102 1041 2202; baseline 0.02 -33"><span class='ocrx_word' id='word_1_114' title='bbox 60 2125 119 2172; x_wconf 91' lang='lat' dir='ltr'>cus</span> <span class='ocrx_word' id='word_1_115' title='bbox 132 2107 357 2196; x_wconf 84' lang='lat' dir='ltr'>praedicator</span> <span class='ocrx_word' id='word_1_116' title='bbox 375 2102 548 2185; x_wconf 86' lang='lat' dir='ltr'>omnium</span> <span class='ocrx_word' id='word_1_117' title='bbox 572 2121 927 2202; x_wconf 76' lang='lat' dir='ltr'>Nordmannorum3</span> <span class='ocrx_word' id='word_1_118' title='bbox 954 2139 1041 2189; x_wconf 76' lang='lat' dir='ltr'>nam</span> 
     </span>
     <span class='ocr_line' id='line_1_20' title="bbox 57 2201 1043 2314; baseline 0.021 -46"><span class='ocrx_word' id='word_1_119' title='bbox 57 2201 113 2271; x_wconf 91' lang='lat' dir='ltr'>hic</span> <span class='ocrx_word' id='word_1_120' title='bbox 131 2209 291 2278; x_wconf 89' lang='lat' dir='ltr'>eximius</span> <span class='ocrx_word' id='word_1_121' title='bbox 306 2210 499 2302; x_wconf 83' lang='lat' dir='ltr'>dominus,</span> <span class='ocrx_word' id='word_1_122' title='bbox 527 2241 592 2286; x_wconf 82' lang='lat' dir='ltr'>rex</span> <span class='ocrx_word' id='word_1_123' title='bbox 609 2221 771 2310; x_wconf 75' lang='lat' dir='ltr'>OlavnS,</span> <span class='ocrx_word' id='word_1_124' title='bbox 803 2223 947 2314; x_wconf 84' lang='lat' dir='ltr'>primus</span> <span class='ocrx_word' id='word_1_125' title='bbox 966 2216 1043 2305; x_wconf 64' lang='lat' dir='ltr'>epi„</span> 
     </span>
     <span class='ocr_line' id='line_1_21' title="bbox 57 2309 1041 2403; baseline 0.013 -35"><span class='ocrx_word' id='word_1_126' title='bbox 57 2309 192 2395; x_wconf 79' lang='lat' dir='ltr'>scopeli</span> <span class='ocrx_word' id='word_1_127' title='bbox 205 2311 346 2378; x_wconf 81' lang='lat' dir='ltr'>auxilio</span> <span class='ocrx_word' id='word_1_128' title='bbox 366 2335 499 2383; x_wconf 88' lang='lat' dir='ltr'>omnes</span> <span class='ocrx_word' id='word_1_129' title='bbox 519 2321 605 2388; x_wconf 77' lang='lat' dir='ltr'>verb</span> <span class='ocrx_word' id='word_1_130' title='bbox 621 2313 843 2391; x_wconf 75' lang='lat' dir='ltr'>christianos</span> <span class='ocrx_word' id='word_1_131' title='bbox 868 2317 1041 2403; x_wconf 86' lang='lat' dir='ltr'>reddidit,</span> 
     </span>
     <span class='ocr_line' id='line_1_22' title="bbox 57 2405 1107 2508; baseline 0.014 -37"><span class='ocrx_word' id='word_1_132' title='bbox 57 2405 185 2476; x_wconf 88' lang='lat' dir='ltr'>deinde</span> <span class='ocrx_word' id='word_1_133' title='bbox 204 2423 293 2478; x_wconf 82' lang='lat' dir='ltr'>vero</span> <span class='ocrx_word' id='word_1_134' title='bbox 310 2415 410 2508; x_wconf 80' lang='lat' dir='ltr'>regia</span> <span class='ocrx_word' id='word_1_135' title='bbox 425 2431 611 2506; x_wconf 78' lang='lat' dir='ltr'>potestate</span> <span class='ocrx_word' id='word_1_136' title='bbox 623 2423 945 2492; x_wconf 78' lang='lat' dir='ltr'>christianismum</span> <span class='ocrx_word' id='word_1_137' title='bbox 957 2442 1042 2487; x_wconf 53' lang='lat' dir='ltr'>conv</span> <span class='ocrx_word' id='word_1_138' title='bbox 1104 2467 1107 2482; x_wconf 68' lang='lat'>‚</span> 
     </span>
     <span class='ocr_line' id='line_1_23' title="bbox 55 2506 1041 2606; baseline 0.015 -37"><span class='ocrx_word' id='word_1_139' title='bbox 55 2506 213 2576; x_wconf 85' lang='lat' dir='ltr'>firmavit</span> <span class='ocrx_word' id='word_1_140' title='bbox 222 2525 258 2578; x_wconf 87' lang='lat' dir='ltr'>et</span> <span class='ocrx_word' id='word_1_141' title='bbox 268 2513 374 2600; x_wconf 83' lang='lat' dir='ltr'>rexit,</span> <span class='ocrx_word' id='word_1_142' title='bbox 390 2531 468 2586; x_wconf 85' lang='lat' dir='ltr'>tam</span> <span class='ocrx_word' id='word_1_143' title='bbox 479 2523 615 2592; x_wconf 88' lang='lat' dir='ltr'>sanctis</span> <span class='ocrx_word' id='word_1_144' title='bbox 625 2523 896 2593; x_wconf 85' lang='lat' dir='ltr'>etsalutaribus</span> <span class='ocrx_word' id='word_1_145' title='bbox 908 2519 1041 2606; x_wconf 87' lang='lat' dir='ltr'>verbis,</span> 
     </span>
     <span class='ocr_line' id='line_1_24' title="bbox 54 2613 1041 2717; baseline 0.02 -46"><span class='ocrx_word' id='word_1_146' title='bbox 54 2629 160 2692; x_wconf 88' lang='lat' dir='ltr'>quam</span> <span class='ocrx_word' id='word_1_147' title='bbox 190 2613 523 2689; x_wconf 84' lang='lat' dir='ltr'>adhortationibus.</span> <span class='ocrx_word' id='word_1_148' title='bbox 579 2627 637 2694; x_wconf 91' lang='lat' dir='ltr'>De</span> <span class='ocrx_word' id='word_1_149' title='bbox 658 2626 811 2717; x_wconf 35' lang='lat' dir='ltr'>origine,</span> <span class='ocrx_word' id='word_1_150' title='bbox 827 2637 865 2691; x_wconf 87' lang='lat' dir='ltr'>et</span> <span class='ocrx_word' id='word_1_151' title='bbox 879 2633 990 2715; x_wconf 81' lang='lat' dir='ltr'>gente</span> <span class='ocrx_word' id='word_1_152' title='bbox 1004 2633 1041 2685; x_wconf 81' lang='lat' dir='ltr'>et</span> 
     </span>
     <span class='ocr_line' id='line_1_25' title="bbox 52 2708 1038 2810; baseline 0.013 -40"><span class='ocrx_word' id='word_1_153' title='bbox 52 2708 201 2778; x_wconf 86' lang='lat' dir='ltr'>natione</span> <span class='ocrx_word' id='word_1_154' title='bbox 227 2715 377 2804; x_wconf 79' lang='lat' dir='ltr'>Sigurdi</span> <span class='ocrx_word' id='word_1_155' title='bbox 405 2721 573 2810; x_wconf 80' lang='lat' dir='ltr'>episcopi</span> <span class='ocrx_word' id='word_1_156' title='bbox 604 2725 703 2793; x_wconf 86' lang='lat' dir='ltr'>nihil</span> <span class='ocrx_word' id='word_1_157' title='bbox 735 2724 844 2794; x_wconf 90' lang='lat' dir='ltr'>nobis</span> <span class='ocrx_word' id='word_1_158' title='bbox 880 2731 1038 2806; x_wconf 84' lang='lat' dir='ltr'>constat,¹</span> 
     </span>
     <span class='ocr_line' id='line_1_26' title="bbox 51 2811 1037 2915; baseline 0.013 -43"><span class='ocrx_word' id='word_1_159' title='bbox 51 2821 172 2897; x_wconf 80' lang='lat' dir='ltr'>nequ&#39;e</span> <span class='ocrx_word' id='word_1_160' title='bbox 188 2811 228 2880; x_wconf 92' lang='lat' dir='ltr'>in</span> <span class='ocrx_word' id='word_1_161' title='bbox 245 2837 317 2904; x_wconf 87' lang='lat' dir='ltr'>qua</span> <span class='ocrx_word' id='word_1_162' title='bbox 334 2816 460 2886; x_wconf 86' lang='lat' dir='ltr'>schola</span> <span class='ocrx_word' id='word_1_163' title='bbox 477 2821 658 2914; x_wconf 84' lang='lat' dir='ltr'>didicerit,</span> <span class='ocrx_word' id='word_1_164' title='bbox 685 2849 755 2895; x_wconf 90' lang='lat' dir='ltr'>nec</span> <span class='ocrx_word' id='word_1_165' title='bbox 777 2848 851 2915; x_wconf 87' lang='lat' dir='ltr'>quo</span> <span class='ocrx_word' id='word_1_166' title='bbox 864 2839 1037 2910; x_wconf 87' lang='lat' dir='ltr'>ternpore</span> 
     </span>
     <span class='ocr_line' id='line_1_27' title="bbox 52 2907 1038 3008; baseline 0.013 -36"><span class='ocrx_word' id='word_1_167' title='bbox 52 2907 98 2974; x_wconf 88' lang='lat' dir='ltr'>ad</span> <span class='ocrx_word' id='word_1_168' title='bbox 120 2933 248 3003; x_wconf 80' lang='lat' dir='ltr'>regem</span> <span class='ocrx_word' id='word_1_169' title='bbox 263 2917 432 3000; x_wconf 61' lang='lat' dir='ltr'>venerita&#39;</span> <span class='ocrx_word' id='word_1_170' title='bbox 454 2921 528 2990; x_wconf 91' lang='lat' dir='ltr'>hoc</span> <span class='ocrx_word' id='word_1_171' title='bbox 544 2939 673 3008; x_wconf 83' lang='lat' dir='ltr'>autem</span> <span class='ocrx_word' id='word_1_172' title='bbox 697 2951 743 2994; x_wconf 85' lang='lat' dir='ltr'>ex</span> <span class='ocrx_word' id='word_1_173' title='bbox 759 2923 951 2993; x_wconf 85' lang='lat' dir='ltr'>veracium</span> <span class='ocrx_word' id='word_1_174' title='bbox 970 2921 1038 2986; x_wconf 75' lang='lat' dir='ltr'>ho·</span> 
     </span>
     <span class='ocr_line' id='line_1_28' title="bbox 46 3007 1037 3116; baseline 0.015 -43"><span class='ocrx_word' id='word_1_175' title='bbox 46 3007 195 3080; x_wconf 87' lang='lat' dir='ltr'>minum</span> <span class='ocrx_word' id='word_1_176' title='bbox 230 3013 335 3086; x_wconf 88' lang='lat' dir='ltr'>dictis</span> <span class='ocrx_word' id='word_1_177' title='bbox 368 3016 639 3116; x_wconf 75' lang='lat' dir='ltr'>intelligimuS‚</span> <span class='ocrx_word' id='word_1_178' title='bbox 674 3051 764 3096; x_wconf 90' lang='lat' dir='ltr'>eum</span> <span class='ocrx_word' id='word_1_179' title='bbox 785 3036 1037 3094; x_wconf 39' lang='lat' dir='ltr'>*constantem</span> 
     </span>
     <span class='ocr_line' id='line_1_29' title="bbox 51 3111 1083 3215; baseline 0.017 -41"><span class='ocrx_word' id='word_1_180' title='bbox 51 3122 84 3174; x_wconf 91' lang='lat' dir='ltr'>et</span> <span class='ocrx_word' id='word_1_181' title='bbox 102 3111 142 3177; x_wconf 90' lang='lat' dir='ltr'>in</span> <span class='ocrx_word' id='word_1_182' title='bbox 165 3114 367 3206; x_wconf 81' lang='lat' dir='ltr'>episcopali</span> <span class='ocrx_word' id='word_1_183' title='bbox 385 3143 546 3193; x_wconf 88' lang='lat' dir='ltr'>munere</span> <span class='ocrx_word' id='word_1_184' title='bbox 564 3115 864 3196; x_wconf 82' lang='lat' dir='ltr'>administrando</span> <span class='ocrx_word' id='word_1_185' title='bbox 880 3120 1036 3215; x_wconf 80' lang='lat' dir='ltr'>diligen·</span> <span class='ocrx_word' id='word_1_186' title='bbox 1081 3169 1083 3174; x_wconf 93' lang='lat'>-</span> 
     </span>
     <span class='ocr_line' id='line_1_30' title="bbox 49 3210 1036 3321; baseline 0.024 -49"><span class='ocrx_word' id='word_1_187' title='bbox 49 3220 117 3276; x_wconf 87' lang='lat' dir='ltr'>tem</span> <span class='ocrx_word' id='word_1_188' title='bbox 146 3210 296 3284; x_wconf 71' lang='lat' dir='ltr'>fuisse‘.</span> <span class='ocrx_word' id='word_1_189' title='bbox 359 3221 542 3312; x_wconf 84' lang='lat' dir='ltr'>Sigurdus</span> <span class='ocrx_word' id='word_1_190' title='bbox 576 3229 793 3321; x_wconf 86' lang='lat' dir='ltr'>episcopus,</span> <span class='ocrx_word' id='word_1_191' title='bbox 834 3239 1036 3318; x_wconf 80' lang='lat' dir='ltr'>postquam</span> 
     </span>
     <span class='ocr_line' id='line_1_31' title="bbox 47 3308 1035 3423; baseline 0.021 -51"><span class='ocrx_word' id='word_1_192' title='bbox 47 3308 87 3374; x_wconf 93' lang='lat' dir='ltr'>ab</span> <span class='ocrx_word' id='word_1_193' title='bbox 105 3334 195 3406; x_wconf 84' lang='lat' dir='ltr'>rege</span> <span class='ocrx_word' id='word_1_194' title='bbox 214 3315 331 3385; x_wconf 89' lang='lat' dir='ltr'>Olavo</span> <span class='ocrx_word' id='word_1_195' title='bbox 349 3321 531 3419; x_wconf 81' lang='lat' dir='ltr'>Tryggvii</span> <span class='ocrx_word' id='word_1_196' title='bbox 553 3327 634 3396; x_wconf 83' lang='lat' dir='ltr'>titio</span> <span class='ocrx_word' id='word_1_197' title='bbox 659 3329 847 3423; x_wconf 75' lang='lat' dir='ltr'>digressus</span> <span class='ocrx_word' id='word_1_198' title='bbox 872 3339 970 3408; x_wconf 83' lang='lat' dir='ltr'>erat,</span> <span class='ocrx_word' id='word_1_199' title='bbox 994 3323 1035 3388; x_wconf 85' lang='lat' dir='ltr'>itt</span> 
     </span>
     <span class='ocr_line' id='line_1_32' title="bbox 46 3407 1034 3518; baseline 0.012 -41"><span class='ocrx_word' id='word_1_200' title='bbox 46 3407 208 3481; x_wconf 81' lang='lat' dir='ltr'>Sveciam</span> <span class='ocrx_word' id='word_1_201' title='bbox 229 3420 420 3504; x_wconf 75' lang='lat' dir='ltr'>profectus</span> <span class='ocrx_word' id='word_1_202' title='bbox 439 3419 514 3512; x_wconf 74' lang='lat' dir='ltr'>es&#39;t,</span> <span class='ocrx_word' id='word_1_203' title='bbox 541 3431 720 3516; x_wconf 86' lang='lat' dir='ltr'>precibus</span> <span class='ocrx_word' id='word_1_204' title='bbox 738 3427 921 3496; x_wconf 86' lang='lat' dir='ltr'>adductus</span> <span class='ocrx_word' id='word_1_205' title='bbox 935 3423 1034 3518; x_wconf 82' lang='lat' dir='ltr'>regis</span> 
     </span>
     <span class='ocr_line' id='line_1_33' title="bbox 45 3509 1032 3620; baseline 0.023 -46"><span class='ocrx_word' id='word_1_206' title='bbox 45 3509 147 3578; x_wconf 88' lang='lat' dir='ltr'>Olavi</span> <span class='ocrx_word' id='word_1_207' title='bbox 166 3515 285 3585; x_wconf 83' lang='lat' dir='ltr'>Eiriki</span> <span class='ocrx_word' id='word_1_208' title='bbox 301 3521 389 3608; x_wconf 83' lang='lat' dir='ltr'>fitti,</span> <span class='ocrx_word' id='word_1_209' title='bbox 417 3526 482 3620; x_wconf 91' lang='lat' dir='ltr'>qui</span> <span class='ocrx_word' id='word_1_210' title='bbox 496 3527 549 3594; x_wconf 87' lang='lat' dir='ltr'>ibi</span> <span class='ocrx_word' id='word_1_211' title='bbox 564 3543 647 3597; x_wconf 87' lang='lat' dir='ltr'>turn</span> <span class='ocrx_word' id='word_1_212' title='bbox 665 3553 732 3597; x_wconf 82' lang='lat' dir='ltr'>rex</span> <span class='ocrx_word' id='word_1_213' title='bbox 744 3529 830 3616; x_wconf 84' lang='lat' dir='ltr'>fuit,</span> <span class='ocrx_word' id='word_1_214' title='bbox 860 3551 909 3610; x_wconf 83' lang='lat' dir='ltr'>eo</span> <span class='ocrx_word' id='word_1_215' title='bbox 920 3537 1032 3614; x_wconf 73' lang='lat' dir='ltr'>pacto</span> 
     </span>
     <span class='ocr_line' id='line_1_34' title="bbox 43 3615 1032 3718; baseline 0.013 -43"><span class='ocrx_word' id='word_1_216' title='bbox 43 3625 78 3676; x_wconf 89' lang='lat' dir='ltr'>et</span> <span class='ocrx_word' id='word_1_217' title='bbox 100 3615 335 3706; x_wconf 87' lang='lat' dir='ltr'>conditione,</span> <span class='ocrx_word' id='word_1_218' title='bbox 369 3637 414 3690; x_wconf 86' lang='lat' dir='ltr'>ut</span> <span class='ocrx_word' id='word_1_219' title='bbox 444 3617 619 3696; x_wconf 81' lang='lat' dir='ltr'>dominus</span> <span class='ocrx_word' id='word_1_220' title='bbox 645 3633 841 3718; x_wconf 89' lang='lat' dir='ltr'>episcopus</span> <span class='ocrx_word' id='word_1_221' title='bbox 872 3623 1032 3704; x_wconf 73' lang='lat' dir='ltr'>liberam</span> 
     </span>
     <span class='ocr_line' id='line_1_35' title="bbox 39 3721 1031 3812; baseline 0.011 -33"><span class='ocrx_word' id='word_1_222' title='bbox 39 3726 268 3798; x_wconf 88' lang='lat' dir='ltr'>potestatem</span> <span class='ocrx_word' id='word_1_223' title='bbox 303 3721 461 3791; x_wconf 84' lang='lat' dir='ltr'>haberet</span> <span class='ocrx_word' id='word_1_224' title='bbox 491 3739 612 3795; x_wconf 87' lang='lat' dir='ltr'>totam</span> <span class='ocrx_word' id='word_1_225' title='bbox 645 3729 817 3798; x_wconf 82' lang='lat' dir='ltr'>Sveciam</span> <span class='ocrx_word' id='word_1_226' title='bbox 838 3723 1031 3812; x_wconf 67' lang='lat' dir='ltr'>obeundi,</span> 
     </span>
     <span class='ocr_line' id='line_1_36' title="bbox 40 3817 1089 3916; baseline 0.015 -39"><span class='ocrx_word' id='word_1_227' title='bbox 40 3829 74 3878; x_wconf 89' lang='lat' dir='ltr'>et</span> <span class='ocrx_word' id='word_1_228' title='bbox 91 3817 316 3888; x_wconf 84' lang='lat' dir='ltr'>mandatum</span> <span class='ocrx_word' id='word_1_229' title='bbox 329 3824 499 3914; x_wconf 79' lang='lat' dir='ltr'>divinum</span> <span class='ocrx_word' id='word_1_230' title='bbox 515 3829 778 3916; x_wconf 82' lang='lat' dir='ltr'>annuntiandi,</span> <span class='ocrx_word' id='word_1_231' title='bbox 788 3843 839 3896; x_wconf 78' lang='lat' dir='ltr'>&#39;ut</span> <span class='ocrx_word' id='word_1_232' title='bbox 857 3826 1032 3896; x_wconf 85' lang='lat' dir='ltr'>miseram</span> <span class='ocrx_word' id='word_1_233' title='bbox 1087 3863 1089 3870; x_wconf 22' lang='grc' dir='ltr'>κ</span> 
     </span>
     <span class='ocr_line' id='line_1_37' title="bbox 39 3923 1073 4025; baseline 0.013 -43"><span class='ocrx_word' id='word_1_234' title='bbox 39 3933 205 4003; x_wconf 80' lang='lat' dir='ltr'>gentem,</span> <span class='ocrx_word' id='word_1_235' title='bbox 234 3923 299 4009; x_wconf 88' lang='lat' dir='ltr'>qui</span> <span class='ocrx_word' id='word_1_236' title='bbox 314 3923 457 3996; x_wconf 86' lang='lat' dir='ltr'>ibidem</span> <span class='ocrx_word' id='word_1_237' title='bbox 479 3929 786 4022; x_wconf 77' lang='lat' dir='ltr'>lungo&#39;tempore</span> <span class='ocrx_word' id='word_1_238' title='bbox 801 3929 1029 4025; x_wconf 63' lang='lat' dir='ltr'>ignominioss</span> <span class='ocrx_word' id='word_1_239' title='bbox 1071 3937 1073 3948; x_wconf 65' lang='lat'>‘</span> 
     </span>
     <span class='ocr_line' id='line_1_38' title="bbox 458 4021 1014 4052; baseline 0.016 -23"><span class='ocrx_word' id='word_1_240' title='bbox 458 4021 474 4052; x_wconf 77' lang='lat'>‚</span> <span class='ocrx_word' id='word_1_241' title='bbox 1010 4029 1014 4038; x_wconf 90' lang='lat'>.</span> 
     </span>
    </p>
   </div>
   <div class='ocr_carea' id='block_1_4' title="bbox 36 4019 1030 4151">
    <p class='ocr_par' dir='ltr' id='par_1_4' title="bbox 36 4019 1030 4151">
     <span class='ocr_line' id='line_1_39' title="bbox 36 4019 988 4072; baseline 0 0"><span class='ocrx_word' id='word_1_242' title='bbox 36 4019 301 4040; x_wconf 46' lang='grc' dir='ltr'><em>Ἣ</em></span> <span class='ocrx_word' id='word_1_243' title='bbox 524 4057 526 4064; x_wconf 88' lang='grc'><strong><em>·</em></strong></span> <span class='ocrx_word' id='word_1_244' title='bbox 967 4055 988 4072; x_wconf 76' lang='lat'>¹-</span> 
     </span>
     <span class='ocr_line' id='line_1_40' title="bbox 71 4061 1030 4151; baseline 0.015 -49"><span class='ocrx_word' id='word_1_245' title='bbox 71 4061 297 4134; x_wconf 81' lang='lat' dir='ltr'>1)tnSerpente</span> <span class='ocrx_word' id='word_1_246' title='bbox 324 4083 411 4138; x_wconf 83' lang='lat' dir='ltr'>gesto,</span> <span class='ocrx_word' id='word_1_247' title='bbox 434 4075 472 4123; x_wconf 58' lang='lat' dir='ltr'>B:</span> <span class='ocrx_word' id='word_1_248' title='bbox 522 4075 554 4142; x_wconf 74' lang='lat'>2)</span> <span class='ocrx_word' id='word_1_249' title='bbox 575 4083 659 4129; x_wconf 51' lang='grc' dir='ltr'>ΟΜΝ,</span> <span class='ocrx_word' id='word_1_250' title='bbox 682 4081 712 4128; x_wconf 54' lang='grc' dir='ltr'>Β,</span> <span class='ocrx_word' id='word_1_251' title='bbox 740 4123 743 4134; x_wconf 39' lang='lat'><strong><em>¹</em></strong></span> <span class='ocrx_word' id='word_1_252' title='bbox 773 4077 1030 4151; x_wconf 70' lang='lat' dir='ltr'>3)quaeap1·i0t0</span> 
     </span>
    </p>
   </div>
   <div class='ocr_carea' id='block_1_5' title="bbox 34 4152 792 4238">
    <p class='ocr_par' dir='ltr' id='par_1_5' title="bbox 34 4152 792 4238">
     <span class='ocr_line' id='line_1_41' title="bbox 34 4152 792 4238; baseline 0.022 -35"><span class='ocrx_word' id='word_1_253' title='bbox 34 4152 101 4218; x_wconf 75' lang='lat' dir='ltr'>signo</span> <span class='ocrx_word' id='word_1_254' title='bbox 124 4168 195 4219; x_wconf 85' lang='lat' dir='ltr'>suat,</span> <span class='ocrx_word' id='word_1_255' title='bbox 217 4162 300 4210; x_wconf 68' lang='lat' dir='ltr'>onitu.</span> <span class='ocrx_word' id='word_1_256' title='bbox 317 4163 358 4225; x_wconf 65' lang='lat' dir='ltr'>lb,</span> <span class='ocrx_word' id='word_1_257' title='bbox 381 4181 442 4233; x_wconf 76' lang='lat' dir='ltr'>quae</span> <span class='ocrx_word' id='word_1_258' title='bbox 461 4188 474 4216; x_wconf 82' lang='lat' dir='ltr'>a</span> <span class='ocrx_word' id='word_1_259' title='bbox 493 4175 641 4238; x_wconf 80' lang='lat' dir='ltr'>postet-iuri,</span> <span class='ocrx_word' id='word_1_260' title='bbox 664 4175 745 4222; x_wconf 76' lang='lat' dir='ltr'>uirtitt·</span> <span class='ocrx_word' id='word_1_261' title='bbox 764 4171 792 4221; x_wconf 84' lang='lat' dir='ltr'>S.</span> 
     </span>
    </p>
   </div>
   <div class='ocr_carea' id='block_1_6' title="bbox 0 0 1262 4782">
    <p class='ocr_par' dir='ltr' id='par_1_6' title="bbox 0 0 1262 4782">
     <span class='ocr_line' id='line_1_42' title="bbox 0 0 1262 4782; baseline 0 8"><span class='ocrx_word' id='word_1_262' title='bbox 0 0 1262 4782; x_wconf 95' lang='lat' dir='ltr'> </span> 
     </span>
    </p>
   </div>
  </div>
 </body>
</html>
