2514 4782
277 176 370 308 220
489 327 492 332 Ι
567 197 839 272 m
1059 217 1241 310 eene}

216 407 395 488 intestina
421 408 660 498 evolverem,
700 433 792 502 quos
821 411 891 482 ille
927 413 974 484 ad
999 431 1196 490 extremam
1240 439 1241 480 i

216 533 337 605 usque
354 531 485 581 necem
503 510 715 595 contemsit.
768 515 876 584 Male
890 513 961 584 hoc
986 517 1129 606 fecisti,
1152 520 1195 587 ait
1240 539 1241 560 l

217 613 373 700 OrmuS,
402 609 501 702 quod
518 625 598 680 tam
613 610 749 684 sortem
768 615 893 684 virum
910 629 1108 707 tantopere
1124 624 1196 689 c'ru·

216 711 380 800 ciavisti,
403 713 512 800 cujus
529 736 683 807 quoque
701 738 805 790 nuuc
822 717 949 808 aliqua
970 719 1109 788 referes
1125 741 1194 790 rno-
1240 741 1241 750 ¹

214 815 394 890 nimenta.
449 819 553 888 Tum
571 817 700 890 stricto
723 818 847 892 cultro
867 819 1033 908 aquilam
1059 824 1193 913 sangvi-

214 939 324 994 neam
344 930 451 1010 tergo
474 915 553 1002 eius
574 916 729 1006 incidit,
757 941 888 988 omnes
918 935 1037 992 costas
1062 934 1191 1018 atergo

213 1015 453 1106 abscindens,
492 1043 611 1110 eaque
638 1018 839 1109 pulmones
867 1019 1077 1094 extrahens.
1141 1025 1192 1092 Sic

211 1119 364 1198 Brusius
381 1119 498 1191 vitam
514 1119 659 1208 amisit,
681 1143 796 1214 parva
820 1119 990 1192 exhibita
1014 1113 1193 1192 fortitudi-

211 1243 271 1296 ne.
340 1221 488 1297 Deinde
512 1227 648 1295 Ormus
674 1221 844 1308 subjecto
865 1223 954 1319 igne
971 1222 1142 1292 Brusium
1158 1239 1190 1318 et

210 1319 327 1396 felem
348 1322 389 1396 in
411 1325 555 1394 eineres
580 1323 803 1410 combussit3
845 1346 919 1413 quo
935 1322 1189 1410 administrate,

211 1447 256 1495 ex
281 1439 390 1498 antro
416 1423 508 1494 duas
530 1445 648 1508 arcas,
684 1447 776 1494 auro
800 1438 1035 1518 argentoque
1057 1423 1186 1514 plenas,

209 1547 337 1620 secum
370 1526 480 1615 tulit,
535 1525 635 1618 quod
658 1525 845 1616 superfuit
867 1549 996 1598 rerum
1020 1525 1187 1614 pretiosa·

208 1649 315 1706 rum,
339 1639 377 1700 et
391 1627 558 1700 insulam
580 1627 620 1697 in
650 1639 884 1720 potestatem
900 1625 1106 1720 Mengladae
1121 1639 1185 1692 tra-

209 1727 313 1800 didit.
365 1729 435 1802 His
453 1730 590 1803 deinde
606 1730 836 1802 amicissime
853 1727 1037 1820 digressis,
1060 1729 1187 1796 Ormus

206 1829 253 1898 ad
276 1853 362 1902 suos
393 1849 565 1924 tempore
589 1835 800 1924 praestituto
827 1827 1024 1922 pervenit5
1063 1826 1186 1900 deinde

204 1927 249 2003 ad
267 1934 527 2004 continentem
556 1935 802 2010 revehuntur.
870 1931 1008 1998 Ormus
1035 1929 1184 2002 alteram

204 2030 373 2105 hiemem
387 2035 430 2106 in
447 2033 735 2112 Thrandheimo
756 2057 795 2103 se
820 2029 1022 2106 continuit.

437 2195 444 2206 ,
482 2138 545 2208 De
570 2139 686 2206 Ormo
708 2148 745 2204 et
766 2133 916 2202 Eirilco.
1088 2127 1100 2218 J

256 2231 419 2326 Capto.
473 2237 658 2332 Sequenti
690 2249 817 2309 aestate
853 2233 992 2303 Ormus
1020 2229 1092 2298 iter
1119 2231 1180 2298 Ro·

202 2353 302 2404 mam
326 2338 518 2430 ingressus
536 2353 608 2426 est,
649 2361 723 2430 que
745 2332 1052 2430 peregrinatione
1076 2330 1181 2398 felici-

200 2443 258 2508 ter
284 2437 506 2532 defunctus,
547 2441 592 2520 ab
622 2455 750 2512 austro
776 2440 817 2508 in
841 2435 1004 2510 Daniam
1027 2437 1182 2522 reiersus

201 2548 257 2604 est
275 2556 479 2634 autumn0,
518 2527 604 2636 posit
620 2542 799 2636 praelium
825 2535 1079 2617 Svo'ldricum,
1115 2554 1182 2600 res·

200 2659 273 2728 que
288 2639 340 2712 ibi
362 2663 486 2738 gestas
508 2644 703 2738 comperit.
770 2645 875 2714 Tum
897 2635 939 2704 in
964 2633 1182 2724 Norvegiarn

197 2737 243 2810 ad
259 2743 431 2816 Eirikum
454 2749 653 2842 dynastam
676 2766 716 2812 se
744 2737 928 2824 contulit,
952 2748 1041 2802 eum
1061 2732 1179 2800 llladis

197 2845 390 2934 convenit,
426 2849 634 2942 adiensque
655 2842 844 2915 salutavit.
908 2841 1076 2929 Dynasta
1097 2856 1179 2900 eum

195 2945 354 3016 comiter
378 2953 593 3044 excipiens,
632 2948 677 3018 de
702 2946 859 3016 nomine
879 2936 1064 3040 quaesivit.
1114 2934 1177 3000 Ille

193 3050 406 3118 seOrmum
432 3053 564 3130 vocari
586 3039 694 3120 dixit.
749 3050 938 3136 Dynasta:
979 3061 1026 3112 an
1050 3046 1090 3101 tu
1115 3037 1176 3100 Or-

193 3162 277 3220 mus
299 3152 475 3222 robustus
491 3154 556 3224 es?
582 3151 643 3222 Sic
659 3173 722 3218 me
748 3145 937 3244 appellere,
972 3139 1081 3226 licet,
1117 3135 1173 3202 do·

191 3243 320 3334 mine,
355 3251 387 3324 si
408 3253 556 3346 placet,
593 3275 637 3344 ea
663 3273 752 3318 vero
773 3247 818 3318 de
842 3265 950 3317 causa
975 3235 1172 3318 hucadfui,

192 3347 291 3437 quod
306 3351 464 3426 hiberno
488 3355 591 3446 apud
606 3368 644 3422 te
665 3347 834 3440 hospitio
856 3343 918 3440 „uti
942 3339 1055 3408 volui.
1104 3341 1176 3426 Dy-

188 3463 292 3522 uesta
310 3450 440 3532 hocin
456 3471 615 3547 promtu
633 3451 715 3520 fore
731 3448 844 3534 dixit,
872 3440 984 3541 eique
998 3439 1119 3508 sedem
1136 3437 1176 3504 in

189 3554 331 3627 scamni
359 3557 584 3644 superioris¹
615 3568 725 3646 parte
740 3547 940 3618 'exteriore
963 3538 1173 3632 designavit.

190 3647 326 3726 Ormus
342 3681 381 3726 se
400 3680 470 3748 per
486 3659 657 3733 hiemem
678 3652 807 3744 paucis
827 3649 943 3718 rebus
964 3641 1174 3723 immiscuit,

187 3747 394 3848 alienisque
411 3763 573 3854 negotiis
589 3754 787 3844 abstinuit.¹
838 3741 1067 3837 Aliquando,
1090 3761 1174 3806 cum

168 3843 233 3938 ,de
249 3845 377 3940 prelio
397 3861 731 3941 Sviildricosermo
758 3853 985 3930 haberetur,
1014 3856 1051 3910 et
1067 3859 1176 3930 quam

187 3961 338 4042 strenue
356 3953 511 4030 athletae
527 3961 629 4052 regis
650 3957 757 4028 Olavi
777 3978 815 4022 se
844 3945 1113 4027 defendissent,
1139 3951 1176 4006 et

225 4084 255 4151 ἱ)
274 4085 417 4155 inferioris,
435 4089 487 4148 cet,
506 4111 577 4145 omn.
