2534 4778
242 225 303 314 st
381 317 385 325 ,
530 243 799 306 =
1076 253 1177 320 oo.

182 458 250 526 diae
268 469 388 524 artem
413 451 679 537 ostenderunt,
704 465 744 522 et
764 448 932 520 carmina
954 449 1175 522 laudatoria

181 560 225 625 de
241 575 342 647 rege,
358 554 515 644 aliisque
526 554 656 621 multis
672 550 917 642 principibus,
933 573 1175 642 componere

182 657 304 725 exorsi
320 667 418 724 sunt.
473 652 571 721 Cum
592 676 677 722 vero
691 653 744 724 ihi
760 649 909 721 tamdiu
929 653 1176 737 mansissent,

183 759 303 827 donec
321 754 506 825 mandatis
528 753 695 822 defuncti
712 764 854 839 essent,
880 754 988 822 venia
1011 753 1057 822 ab
1071 771 1174 843 rege

182 874 344 948 accepta,
370 855 535 926 reditum
554 855 752 943 parabant3
774 875 840 921 rex
853 852 906 921 eis
920 877 987 923 sua
1005 869 1177 944 exparte

182 957 415 1045 Hjalmarem
440 953 586 1022 socium
612 953 756 1022 itineris
779 951 971 1046 adjungit,
1009 955 1176 1049 regique

182 1057 345 1128 Haraldo
370 1055 602 1147 amplissima
624 1077 784 1124 munera
808 1075 896 1122 cum
922 1053 1039 1146 aequis
1062 1055 1176 1146 pacis

184 1156 464 1228 conditionibus
491 1154 622 1223 mittit.
688 1157 748 1224 De
776 1153 834 1222 his
860 1175 972 1244 porro
999 1154 1178 1223 referen-

183 1262 294 1342 dum,
322 1257 422 1347 quod
438 1278 587 1325 sursum
604 1253 650 1322 ad
670 1253 830 1339 Carinas,
854 1277 927 1344 qua
937 1255 1080 1324 ferebat
1094 1253 1177 1337 via,

184 1359 392 1448 deindeque
410 1355 645 1424 occidentem
657 1375 786 1425 versus
802 1377 870 1445 per
884 1355 1004 1447 sylvas
1017 1373 1178 1447 perten-

184 1461 330 1526 derunt.
399 1460 590 1550 Quicum
620 1454 722 1524 haud
752 1456 885 1548 procul
908 1457 955 1524 ab
986 1457 1177 1525 tractibus

181 1559 357 1627 habitatis
375 1559 564 1643 abessent,
589 1557 746 1624 obvium
763 1557 929 1628 habuere
946 1577 1075 1648 regem
1093 1560 1177 1625 Ha-

183 1659 325 1728 raldum
354 1659 499 1753 magnis
526 1679 615 1727 cum
641 1657 779 1748 copiis,
832 1655 1003 1730 Sveciam
1030 1655 1175 1726 infesto

184 1756 353 1826 exercitu
384 1751 725 1848 depopulaturum,¹
759 1759 791 1827 si
818 1757 910 1847 quid
932 1755 1176 1826 incommodi

183 1861 256 1926 suis
274 1857 478 1927 accidisset.
530 1859 703 1944 Hjalmar
722 1879 765 1926 ac
795 1857 964 1948 praefecti
987 1855 1102 1952 regii,
1131 1869 1177 1924 et

182 1965 302 2047 pob'tae
322 1981 411 2026 cum
427 1959 537 2026 sociis
562 1958 608 2026 ad
631 1977 762 2050 regern
784 1975 1039 2044 accesserunt,
1063 1979 1176 2026 eum-

154 2069 258 2147 'qne
289 2059 635 2141 commutaverunt,
681 2077 774 2147 quos
804 2057 962 2129 comiter
999 2056 1174 2150 excepit,

184 2158 419 2246 existimans,
457 2183 496 2228 se
522 2181 586 2226 eos
608 2159 713 2247 quasi
735 2159 780 2226 ab
806 2181 896 2226 orco
918 2179 1173 2252 recuperasse.

184 2260 467 2351 Nuncssomnem
484 2257 765 2354 longitudinem
778 2258 924 2329 itineris
950 2261 1027 2328 sui¹
1053 2280 1174 2348 expo·

183 2373 298 2447 nunt,
327 2371 368 2426 et·
379 2359 554 2429 mandata
570 2358 669 2449 regis
687 2358 806 2430 Eiriki
825 2359 1044 2450 proferunt,
1066 2371 1112 2428 ut
1132 2371 1175 2425 et

184 2481 359 2546 munera,
388 2481 471 2550 quae
496 2460 577 2551 regi
604 2459 768 2529 Haraldo
792 2459 952 2529 miserat.
1006 2463 1088 2529 lam
1111 2481 1175 2526 re·
1265 2539 1266 2544 ἵ

161 2559 342 2628 ‘vertitur
372 2583 458 2650 rex,
497 2561 678 2630 Haukum
700 2583 789 2628 vero
815 2561 1027 2630 Habrokam
1052 2561 1173 2642 (alte-

183 2661 414 2742 ltraccatum)
434 2677 471 2728 et
490 2660 646 2731 Rollum
673 2663 862 2730 Nasonem
882 2660 1068 2728 orientem
1087 2683 1173 2726 ver-

183 2781 243 2829 sus
266 2759 307 2825 in
334 2749 481 2829 Vikiam
503 2762 549 2829 ad
572 2760 761 2845 Eirikum,
784 2761 935 2852 regium
955 2761 1099 2848 filium,
1133 2775 1175 2826 et
1264 2803 1265 2816 .

183 2859 469 2950 Rdgnvaldum,
494 2851 717 2932 Mindarum
735 2861 947 2952 dynastam,
973 2859 1088 2948 misit,
1111 2859 1175 2928 his

185 2973 227 3025 ut
243 2959 424 3044 dicerent,
438 2983 568 3050 pacem
583 2961 807 3053 interregna
818 2983 895 3029 esse
910 2959 1172 3034 constitutam.

183 3061 253 3146 lli,
290 3059 492 3130 duodecim
516 3083 610 3146 una,
644 3061 717 3128 iter
745 3085 858 3129 suum
885 3077 1172 3151 persequentes,
1263 3073 1264 3128 i

184 3178 347 3254 vespere
367 3160 552 3249 quodam,
588 3181 676 3228 cum
711 3183 780 3251 per
808 3164 949 3251 sylvam
982 3161 1174 3250 quandam

183 3260 255 3326 iter
272 3257 463 3348 facerent,
475 3289 477 3298 ⁴
489 3262 535 3331 ad
552 3261 806 3328 deversorium
825 3259 1021 3350 quoddam
1037 3260 1174 3352 ingens

184 3358 354 3429 veniunt.
429 3361 524 3430 Heio
559 3381 648 3428 cum
686 3377 905 3450 pernoctare
942 3361 1171 3450 placuisset,
1262 3359 1263 3368 ’

184 3459 325 3527 ostium
349 3459 439 3530 aedis
461 3461 689 3551 aperientes,
723 3461 853 3528 vident
876 3461 1077 3529 duodecim
1102 3461 1172 3528 ho·

184 3560 306 3628 mines
321 3559 400 3654 igni
419 3555 648 3645 adsidentes,
689 3561 788 3628 inter
812 3583 906 3652 quos
934 3559 1068 3631 Rolfus
1094 3562 1175 3644 Sio-

130 3713 136 3720 .
184 3663 314 3749 nium,
345 3661 459 3750 hujus
486 3663 589 3754 globi
610 3661 845 3750 principem,
879 3660 1042 3753 agnovit.
1099 3659 1175 3753 Qui
1261 3667 1262 3748 ζ

184 3759 353 3847 aderant,
391 3762 605 3831 exsilientes
634 3783 739 3830 arma
763 3761 932 3850 capiunt,
968 3773 1176 3828 excurrunt
1261 3851 1262 3856 ἵ

188 3881 237 3931 εκ
268 3860 364 3947 aede,
408 3863 661 3953 praeliumque
691 3861 943 3932 committunt.
1023 3860 1175 3948 Sjonius
1261 3861 1262 3888 *

189 3965 454 3980 man—n*

220 3995 246 4058 ¹)
268 3993 285 4041 i.
312 4009 336 4038 e.
363 4007 438 4040 suum
465 3996 620 4044 immensum
643 3993 706 4053 iter,
739 4008 792 4058 quo
813 4007 889 4042 sensu
905 3987 1044 4063 forleingb
1065 3981 1178 4042 occurrit

182 4085 261 4137 Sturl.
283 4083 356 4135 Libr·
378 4080 403 4129 3·
425 4079 488 4151 Cnp'¹
508 4083 549 4146 33,
571 4079 617 4130 fin.
638 4099 692 4132 vsr.
712 4079 771 4131 lect.
