2514 4782
273 255 368 366 '19'0
469 359 496 382 ,,
561 278 879 358 “··---··ε--··-.’
1088 311 1208 378 ο.8-9.

213 525 302 574 rum
316 501 498 574 ostendit:
512 497 543 574 'si
557 511 647 576 ver'o
665 519 828 578 mortem
846 503 967 575 obibit
982 503 1207 595 Geirroous,

212 619 337 696 totum
359 604 693 680 totunheimorun
706 604 912 698 impe-sinin
927 605 974 676 ad
990 631 1053 693 me
1069 628 1206 698 perve-

213 706 291 790 nit3
314 709 371 776 sin
389 720 478 776 tero
496 705 732 797 supervivet,
762 721 861 776 certa
875 725 976 777 mors
992 729 1058 778 nos
1073 729 1207 778 mene·

211 805 288 878 bit.v
333 807 483 879 Deinde
498 815 650 877 noctem
667 815 798 904 s'omno
814 809 1039 904 transigunt.
1096 841 1102 852 ·

276 907 365 1002 Cap.
394 913 424 981 9.
488 909 617 979 Primo
641 917 753 979 tuane
776 923 973 1004 surgentes
991 923 1115 981 testes¹
1144 931 1204 980 su·

133 1041 135 1044 ·
211 1023 333 1079 munt.
381 1005 489 1080 *Tum
508 1010 711 1082 Geirr'ddus
724 1009 771 1080 ad
787 1028 852 1080 eos
867 1007 1046 1082 accedens
1079 1023 1204 1103 rogat,-

211 1125 256 1178 ut
269 1112 429 1180 salutern
444 1131 552 1181 suam
570 1124 810 1205 (prosperum
819 1111 1001 1194 reditum)
1013 1112 1198 1182 biberent.

212 1211 273 1280 Sic
289 1211 471 1282 fecerunt.
523 1213 696 1284 Primum
713 1231 854 1284 cornua
869 1212 1043 1305 Hvitingi
1059 1209 1197 1282 exhau-

211 1325 266 1381 sta
295 1314 426 1383 statim'
459 1327 546 1410 post
584 1315 722 1406 pocula
758 1304 977 1405 quotidiana
1009 1313 1193 1382 demensa.

184 1499 187 1506 Ι
210 1413 361 1484 Deinde
375 1413 617 1485 inhonorem
635 1415 773 1488 Thoris
797 1427 835 1484 et
861 1405 1009 1504 odinis*
1034 1413 1195 1484 bibitum

212 1527 289 1598 est5
316 1527 400 1606 post
416 1518 541 1586 multa
559 1515 809 1587 instrumenta
823 1516 969 1585 musica
986 1513 1087 1584 intro
1109 1513 1191 1599 lata,

208 1610 400 1685 intrarunt
419 1632 457 1685 et
475 1618 549 1688 duo
563 1617 650 1708 viri,
670 1619 870 1710 *aliquanto
885 1615 1113 1688 Tbowrsteine
1128 1613 1194 1684 mi¹³

208 1737 338 1807 nores,
366 1718 545 1790 Grimu'm
571 1719 716 1790 bonum
738 1718 917 1788 ferentes.
947 1725 950 1732 “
970 1715 1042 1784 Cui
1065 1735 1191 1784 omnes

208 1814 499 1890 adsurrexerunt
538 1832 578 1890 et
616 1822 658 1890 in
691 1841 816 1913 genua
856 1831 898 1887 se
929 1815 1190 1886 submiserunt.

205 1916 372 1988 Grimus‘
391 1924 509 1992 auhn¹
524 1922 599 1990 fuit
618 1922 783 1992 ‘minime
804 1917 929 1990 hiia'ri.
993 1914 1192 1988 Geirriiduo

210 2017 436 2089 Godmundo
449 2049 469 2104 ε,
485 2023 613 2112 accipe
638 2021 818 2094 Grimum
834 2021 1000 2103 bonum3
1038 2017 1108 2086 hoc
1127 2037 1188 2106 po-

137 2111 139 2119 *
208 2120 336 2190 culum
361 2121 617 2215 exhauritoin
640 2125 781 2216 pignus
808 2119 906 2192 datae
929 2118 1028 2188 fidei.
1093 2116 1186 2188 God-

206 2222 372 2291 mundus
389 2215 434 2293 ad
452 2224 836 2314 Grimuru'occedens,
862 2212 1027 2293 demtum
1046 2218 1114 2288 sibi
1129 2241 1188 2285 au*
1239 2283 1240 2290 ,

205 2339 310 2390 ream
337 2333 517 2395 coronam
551 2327 585 2394 ei
612 2327 814 2418 imposuit,
852 2323 964 2414 eique
990 2320 1031 2388 in
1063 2341 1186 2388 aurem
1239 2317 1240 2355 ³

207 2417 302 2488 dixit
323 2441 436 2514 prout
449 2442 680 2519 praeceperat
701 2425 922 2518 Thocstein.
972 2419 1121 2508 Deinde
1145 2439 1185 2487 eu

205 2524 344 2608 poculo
361 2527 403 2594 in
421 2526 620 2597 indusium
641 2527 805 2616 defudit,
832 2541 1023 2594 venenum
1039 2521 1182 2590 scilicet.

204 2621 387 2708 Geirriido
400 2631 563 2698 satutem
579 2629 817 2721 propinavit,
844 2644 883 2696 et
901 2619 1057 2694 caudam
1073 2617 1182 2690 cornu
1238 2683 1239 2716 ζ

205 2725 393 2793 osculatus
409 2744 482 2813 cst,
497 2731 652 2801 Grimus
667 2750 755 2800 eum
765 2728 893 2798 ridens
901 2725 1067 2814 reliquit.
1090 2725 1183 2794 Tum
1238 2725 1239 2761 ¹

93 2877 95 2882 .
205 2822 405 2898 Geirrb'dus
420 2831 578 2919 plenum
607 2835 729 2900 cor'nu
754 2831 914 2918 accepit,
940 2827 1114 2897 Grimum
1130 2841 1184 2888 ro⁴

201 2941 310 3016 gans,
334 2941 378 2995 ut
407 2933 598 3020 auspicato
627 2931 792 3019 adesset,
830 2929 978 3017 sibique
999 2924 1181 3008 iudicaret,

203 3027 337 3114 ecquid
362 3028 521 3102 instaret
534 3033 725 3124 periculi:
763 3053 834 3130 ego
848 3050 939 3099 vero
958 3044 996 3096 te
1017 3047 1113 3114 saepe
1127 3021 1182 3090 le·
1237 3073 1238 3116 ,

201 3125 297 3192 tiore
316 3131 424 3198 vultu
444 3133 529 3202 vidi.
593 3139 701 3206 'Tum
728 3133 896 3201 demtum
915 3127 1180 3214 sibitorquem
1237 3119 1238 3169 i

199 3245 354 3295 auream
382 3231 516 3301 Grimo
541 3234 664 3324 dedic,
704 3233 840 3302 deinde
872 3227 994 3322 Agdio
1028 3225 1180 3318 dynastae

200 3327 396 3417 propinat,
425 3333 526 3421 quod
548 3335 650 3402 haud
671 3335 843 3403 absimile
860 3329 984 3400 visum'
1002 3340 1076 3411 est,
1098 3319 1181 3392 acsi

198 3427 337 3495 fluctus
359 3434 515 3520 scopulo
535 3433 764 3522 illideretur,-
787 3435 942 3522 liquore·
963 3451 1033 3518 per
1059 3437 1181 3519 guttur

201 3525 409 3616 defluente5
433 3544 474 3600 ‘et
490 3532 556 3603 ille
574 3533 729 3626 quidem
745 3548 872 3604 toturn
889 3528 1072 3599 exhausit.
1106 3523 1181 3596 Gri·

198 3647 284 3694 mus
304 3647 418 3720 caput
435 3637 639 3717 concussit3
657 3649 740 3704 tum
759 3631 983 3726 adAgdium
998 3627 1183 3720 dynastam

199 3726 329 3798 allatus
347 3747 419 3822 est,
447 3737 514 3825 qui
532 3738 569 3806 ei
592 3735 684 3805 duos
702 3732 862 3806 annulos
880 3750 1013 3801 aureos
1033 3725 1134 3798 dedit
1150 3732 1183 3790 et

197 3845 328 3916 pacem
346 3835 390 3899 ab
407 3859 450 3902 eo
470 3839 712 3928 expoposcit,
748 3831 1025 3920 deindetpibus
1050 3824 1182 3896 hausti·

197 3926 266 3996 bus
284 3927 412 4019 ebibit,
437 3938 732 4030 pocillatoriq‘ue
752 3936 866 4008 dedit.
907 3935 1011 4024 Turn
1022 3927 1180 4001 Grimus=

197 4025 248 4095 ita
267 4029 425 4123 quisque
443 4033 603 4128 ignavus
620 4037 688 4132 fit,
714 4052 759 4108 ut
774 4033 960 4108 senescit·
1003 4033 1181 4118 Mox-cor·

202 4133 457 4154 -——-—.—„.

243 4164 274 4230 ¹)
297 4166 415 4217 uiantium
434 4171 556 4234 Asorum,
576 4180 626 4222 cet.
