2514 4782
255 223 372 332 no
545 237 819 331 π

296 441 464 520 nosiram
484 449 759 518 tractationem.
830 521 834 528 ,

295 567 414 638 certe,
439 549 470 618 si
486 555 619 640 posset.

96 659 119 684 ‘¹
195 653 342 736 Deinde
368 651 546 739 Asbj'om,
586 671 721 742 magna
742 641 966 716 fortitudine
998 656 1035 712 et
1063 639 1188 714 virilis

196 754 312 826 animi
329 752 590 850 magnitudine
612 749 796 836 exhibita,
823 745 1035 838 exspiravit.

259 859 395 924 Ormus
414 857 670 948 Merrglodam
690 855 730 920 iu
748 853 929 944 ribrrdeya
951 844 1138 915 convenit.

136 1007 141 1012 -
248 953 334 1044 Cap.
361 964 391 1032 8,
457 955 528 1027 Sed
548 956 642 1053 illuc
665 951 882 1023 redeamus:
922 958 998 1016 tres
1025 940 1083 1014 illi
1105 942 1187 1027 viri,

197 1056 263 1146 qui
280 1055 370 1143 salvi
388 1069 603 1141 evaserant,
628 1041 923 1142 remigationem
938 1059 1088 1118 'summo
1112 1057 1187 1114 stu·-

197 1156 257 1236 dio
277 1157 472 1252 urgebant,
498 1181 576 1228 non
591 1155 694 1252 prius
715 1151 953 1236 desistentes,
981 1171 1098 1240 quam
1114 1161 1207 1213 ter·v

196 1282 278 1337 ram
299 1256 529 1344 tenuissent,
556 1283 638 1350 quae
652 1259 695 1326 in
708 1257 846 1324 itinere
863 1271 931 1322 suo
945 1265 1048 1345 gesta
1072 1261 1186 1332 erant,

197 1360 424 1446 retulerunt,
449 1361 618 1432 dicentes
637 1372 772 1448 putare
787 1377 839 1440 se,
863 1353 1189 1437 Asbjtirnemmor-

198 1475 322 1547 tuum,
348 1463 412 1530 sed
429 1476 624 1554 quopaoto
638 1458 823 1550 periisset,
848 1451 1004 1524 nescire.
1056 1447 1186 1530 Iidem,

199 1561 382 1632 conducto
399 1564 440 1632 in
451 1586 546 1632 nave
564 1559 786 1632 mercatoria
803 1548 902 1638 loeo,
927 1569 1096 1624 austrum
1108 1570 1185 1614 ver÷

198 1683 261 1730 sus
278 1661 320 1734 in
336 1663 500 1738 Daniam
517 1662 719 1734 transverti
736 1673 836 1727 sunt.
891 1656 950 1724 Sic
975 1651 1032 1729 hae
1055 1671 1114 1720 res
1134 1646 1151 1720 f
1170 1685 1184 1704 -

197 1785 259 1837 ma
274 1764 410 1854 passim
431 1759 653 1858 divulgatae,
690 1781 870 1855 magnam
896 1747 1185 1826 habueruutad-

198 1864 454 1936 mirationem.
509 1865 722 1938 'l'umfacta
742 1860 878 1929 eratin
888 1854 1072 1949 Norvegia
1086 1849 1186 1940 ptin-

118 2035 123 2053 ,
199 1964 326 2056 cipum
341 1969 515 2055 mutatio,
541 1981 694 2037 mortuo
710 1963 872 2034 Halone
890 1958 1057 2050 dynasta,
1073 1952 1185 2019 Olavo

199 2067 472 2162 Tryggviifilio
490 2070 534 2138 in
548 2089 710 2164 regnum
732 2083 904 2145 reverso,
929 2056 996 2152 qui
1015 2053 1185 2123 omnibus

198 2187 326 2239 veram
356 2170 583 2267 religionem
616 2165 810 2254 injunxit.'
873 2161 1009 2228 Ormus
1040 2149 1183 2224 Storoll'

198 2267 319 2355 iilius,
351 2269 452 2346 fama
477 2274 520 2342 in
546 2269 748 2340 islandiam
775 2261 936 2356 perlata,
976 2255 1120 2344 accepit
1141 2251 1183 2318 de

195 2367 331 2438 itinere
346 2385 384 2438 et
397 2393 490 2440 nece
507 2370 724 2462 Asbj'ornis,
750 2389 833 2459 quae
856 2361 969 2454 vulgo
991 2371 1092 2435 certa
1115 2357 1185 2420 cre'-

200 2466 376 2555 debatur-3
414 2473 556 2565 inquo
580 2490 761 2570 magnum
789 2491 829 2535 se
860 2464 1040 2530 damnum
1058 2454 1184 2524 iecisse

200 2569 438 2662 existimem,
459 2577 572 2645 taedio
594 2588 724 2664 captus
740 2583 797 2637 est
811 2564 952 2634 diutius
970 2559 1010 2625 in
1030 2553 1184 2628 lslandia

200 2677 477 2764 commorandi,
515 2671 836 2769 quare-conducta
854 2666 897 2732 in
920 2654 1186 2756 Reydarfjbrdo

200 2788 373 2862 vectura,
411 2801 573 2872 peregre
599 2775 793 2867 prolatus
830 2781 901 2851 est,
940 2773 978 2830 et
1001 2757 1186 2826 borealem

199 2873 395 2968 N0rvegiae
407 2895 554 2971 partem
573 2880 707 2961 tenuit,
721 2873 968 2962 hiememque
979 2852 1188 2948 inTlrrand-

198 2971 326 3044 heimo
353 2982 540 3065 traduxit,
584 2995 669 3048 tum
696 2997 762 3046 rex
791 2971 927 3039 olavus
948 2979 1024 3032 tres
1051 2959 1186 3025 hiemes

200 3075 397 3171 Norvegiae
432 3075 659 3174 p'raafuerat..
723 3068 909 3166 Sequenti
942 3085 1026 3130 vere
1055 3057 1185 3136 Ormus

200 3181 418 3270 apparabat,
444 3207 543 3254 nave
566 3181 742 3266 trajicere
763 3177 805 3244 in
825 3167 1023 3254 Saudeyas,
1049 3172 1103 3226 tot
1123 3155 1186 3222 ho·

200 3275 365 3350 minibus
382 3286 600 3371 comitatus,
627 3293 720 3373 quot
739 3274 899 3358 Asbj'orn
916 3267 1049 3334 fuerat.
1092 3257 1186 3324 ‘Sero

199 3397 352 3464 vespere
369 3382 416 3452 ad
428 3383 641 3472 &auderem
657 3367 1187 3460 minoremapp·ulerunt,ten-

161 3543 162 3550 ,
198 3478 294 3545 toria
309 3482 350 3552 iu
366 3498 466 3555 terra
487 3496 716 3578 posuerunt,
755 3475 885 3564 ibique
911 3471 1187 3559 pernoctarunt.

200 3575 365 3666 Dicunt,
394 3577 557 3656 Ormuni
571 3587 613 3656 in
628 3580 751 3652 Dania
763 3575 888 3668 prima
905 3557 1189 3659 signationeini·

199 3675 355 3768 tiatum,
395 3687 436 3755 in
463 3687 628 3757 islandia
659 3701 746 3752 vero
779 3673 994 3744 christiane
1020 3655 1190 3752 religioni

199 3795 337 3851 nomen
357 3785 515 3857 dedisse.
571 3785 646 3880 Qui
666 3807 754 3856 oum
778 3770 1076 3848 obdormiverat,
1099 3755 1188 3824 vidit

197 3874 380 3954 feminam
413 3885 705 3956 tabernaculum
739 3873 1020 3974 ingredientem
1060 3879 1190 3970 magna

199 3991 360 4069 statura,
388 3989 499 4054 vultu
519 3981 755 4054 strenuitatis
769 3975 905 4059 indice,
932 3973 1027 4048 bene
1048 3973 1190 4040 vestita,

115 4155 119 4172 Ι
198 4072 319 4149 forma
345 4086 491 4175 pulcra,
530 4087 612 4154 haee
636 4085 736 4152 intro
765 4077 836 4153 ivit
860 4075 908 4150 ad
934 4091 1022 4144 eum
1054 4065 1190 4144 locum,
