2594 4784
77 253 258 322 oms-rso.
425 244 692 308 m·
922 223 981 320 53
1009 251 1012 264 ¹

31 449 195 540 severi,
248 447 356 550 nulla
380 445 530 525 habita
528 469 774 538 personarum
809 452 972 540 ratione,
1011 452 1044 521 si

31 551 203 636 blandae
212 544 467 642 perstasiones
482 550 859 638 nihilprofecerunt5
865 569 902 622 et
914 575 1044 642 quem·

31 639 260 725 admodum
293 650 482 740 principes
515 651 674 740 populi,
703 667 784 720 tum
819 655 1044 744 impotentia
1075 703 1077 708 ,

80 749 248 822 &invidia
271 751 475 836 stimulati,
506 773 633 846 regom
670 745 831 824 Olavum
861 753 1044 845 Tryggvii

31 855 32 898 ῑ
79 852 183 932 filium
206 849 395 962 persecuti
413 866 533 964 sunt,
560 865 651 930 tum
679 853 780 942 quod
811 856 891 944 pati
917 853 1044 924 noluit

80 965 276 1023 exterorum
300 949 538 1042 principum,
563 952 641 1028 sive
662 953 797 1044 potius
809 954 1043 1046 predonum,

31 1123 32 1134 ¹
78 1053 249 1140 injustam
260 1053 303 1125 in
326 1052 464 1143 patria
473 1052 786 1154 dominationem,
812 1055 865 1128 sic
891 1077 1043 1144 quoque

31 1191 35 1202 ·
79 1154 166 1222 nulla
187 1153 260 1222 alia
280 1152 356 1232 fuit
381 1175 512 1240 causa,
536 1174 619 1222 cur
629 1143 778 1230 incolae
795 1155 1044 1225 rebellionem

80 1268 189 1324 contra
198 1255 372 1334 Olenum
387 1253 550 1330 Haraldi
574 1253 698 1328 filium
722 1253 904 1340 fecerunt,
929 1279 1045 1346 quam

79 1355 163 1443 quod
186 1353 282 1423 ferre
306 1377 385 1430 uon
419 1370 629 1444 potueruut
662 1357 742 1440 ejus
769 1356 811 1428 in
841 1357 1044 1444 judicando

77 1455 261 1542 justitiam,
288 1454 424 1526 meluit
447 1470 575 1526 autem
589 1455 657 1528 ille
673 1458 787 1534 vitam
803 1456 1043 1550 dignitatem-

31 1647 32 1654 *
79 1579 138 1643 que
159 1556 350 1641 amittere,
381 1579 499 1646 ,quam
526 1556 669 1646 perdi
657 1557 854 1642 Justitiam.
907 1562 1043 1646 Neque

77 1655 171 1724 tidem
194 1655 352 1740 excedit,
379 1675 507 1751 regem
530 1657 693 1724 Olavum
712 1661 744 1729 Γ
748 1680 891 1753 ryggvn
916 1657 969 1732 sil
960 1680 1044 1726 ιιιιιι

31 1815 32 1828 .
76 1755 135 1824 hoc
157 1753 216 1824 dei
237 1754 459 1835 mandatnm
480 1756 561 1850 rogi
586 1755 698 1827 olavo
713 1760 913 1848 aperuisse,
940 1756 1045 1847 quoct

31 1887 32 1932 ι
77 1878 132 1946 per
152 1855 320 1946 quietern
347 1859 385 1929 ei
403 1857 582 1945 innotuit,
609 1879 696 1926 nam
711 1857 1043 1947 peraetatemfieri
1121 1941 1125 1946 ,

31 1939 32 2000 l
76 1957 478 2046 potuit„ut,01avum
506 1957 692 2049 'lryggvii
715 1959 838 2028 filium
877 1957 1070 2043 vidissem

31 2072 261 2148 ,santequam
294 2055 338 2126 in
371 2057 638 2134 Vindlandiam
666 2059 856 2149 profectus
889 2059 957 2144 sit,
997 2072 1042 2126 ut

77 2155 153 2226 adeo
172 2181 262 2230 eum
282 2179 515 2254 cognoscere
547 2159 733 2248 potuerit,
776 2157 814 2233 si
840 2179 932 2226 eum
952 2157 1043 2252 vigil

35 2343 40 2362 ἡ
78 2259 321 2348 conspexisset.
375 2260 464 2330 Rex,
480 2259 616 2330 Olavus
642 2263 828 2354 Magnum
851 2258 975 2334 filium
1002 2259 1049 2328 in:

39 2363 43 2384 ¹
78 2358 277 2430 Gardarikia
300 2358 637 2450 reliquit„paratis
662 2383 751 2430 vero
767 2381 861 2434 ⁴vore
875 2357 1050 2448 seqventi.

31 2513 32 2552 3
77 2458 234 2546 navibus,
257 2461 465 2542 oboriente
483 2459 524 2528 in
548 2457 717 2530 Sveciam
742 2460 910 2546 traiecit,
943 2459 1049 2528 unde.
1096 2465 1100 2471 '

31 2567 32 2614 ἲ
77 2557 219 2646 pedestri
235 2559 373 2642 itinere
390 2557 522 2638 eadem
540 2574 666 2628 aestate
682 2560 838 2630 boream
854 2581 979 2630 sersus
1002 2561 1044 2632 in

31 2713 32 2752 ᾗ
76 2659 502 2754 Nonagiam‘contendit.
526 2721 530 2726 .
553 2659 599 2730 In
613 2683 689 2751 quo
708 2659 845 2738 itinere
869 2660 947 2732 visa
965 2681 1043 2724 ma-

31 2767 32 2770 ’
76 2761 257 2840 morabilis·
271 2759 442 2856 vigilanti
462 2775 506 2830 et
518 2757 732 2833 dormienti.
748 2784 972 2853 apparuere,
1000 2773 1051 2840 ut.

79 2856 381 2946 iuhistoriajejus
393 2861 588 2946 memorie
611 2861 808 2952 proditum
821 2879 889 2930 est.
908 2912 911 2926 .

166 2961 248 3052 Cap.
267 2971 340 3034 280.
395 2963 480 3030 Non
503 2960 825 3052 praetereundum
837 2975 893 3028 est
918 2957 1051 3028 visum

76 3057 157 3130 illud
160 3059 291 3154 ,quod
302 3061 385 3161 regi
401 3061 448 3128 Ol
449 3083 528 3147 avo,
549 3059 604 3130 in
609 3059 829 3133 Vaeradalo
818 3083 860 3136 ιιι
873 3057 1044 3132 Thrand-

75 3113 300 3242 neiriacum
329 3161 497 3230 exercitu
521 3162 787 3246 commoranti,
826 3183 915 3236 cum
938 3181 1052 3234 mon-„-

75 3273 122 3328 tes
135 3261 331 3332 orientales
344 3283 468 3350 nuper
477 3273 741 3350 superaverat,
751 3261 1053 3374 mproximanocte,

76 3372 149 3430 ante
164 3383 354 3458 pugnam
352 3359 725 3433 8ιίιιιιιειιιιιιιιιιθιιις
749 3359 954 3434 insomnis
981 3358 1054 3432 ob-

77 3457 184 3530 latum
210 3475 275 3531 est.
328 3465 408 3532 Rex
433 3459 514 3531 hac
525 3473 638 3528 nocte
665 3461 810 3554 pervigi
812 3460 958 3530 deum
973 3479 1053 3548 pro

78 3581 109 3628 se
131 3562 276 3652 suisque
298 3575 474 3652 precatus
501 3575 574 3652 est,
596 3583 732 3630 somno
759 3581 893 3651 parum
918 3559 1052 3628 indul·

79 3681 172 3753 gens3
209 3661 279 3730 sub
305 3663 436 3736 lucem
461 3684 549 3730 vero
574 3683 728 3733 somnus
750 3659 910 3752 gravior
923 3658 959 3726 ei
982 3659 1055 3754 pb-

78 3763 196 3874 repsit,
220 3783 296 3854 quo
323 3784 526 3855 oppressus
546 3760 766 3832 adstantem
781 3758 852 3830 sibi
873 3756 966 3828 vidit
984 3758 1073 3827 dos·

80 3863 212 3934 minum
236 3875 410 3939 nostrum
434 3867 574 3939 lesum
602 3859 867 3946 Christum,
857 3877 1056 3950 inenarra-

79 3957 135 4032 bili
156 3964 238 4041 luce
261 3941 538 4066 splendentem.
610 3961 706 4034 Cum
734 3975 863 4032 autem
893 3983 958 4030 rex
981 3983 1049 4112 per
