2514 4782
303 994 909 1122 *Excursus

166 1171 219 1262 do
250 1164 380 1294 poeta*
402 1169 696 1269 Hailarst‘eine,
730 1179 768 1245 et
801 1153 985 1244 carmine
1018 1147 1079 1234 ab
1124 1171 1193 1229 eo

214 1291 258 1374 in
290 1291 497 1374 honorem
528 1283 632 1394 regis
671 1272 796 1362 Olavi
838 1263 1040 1382 Tryggvii
1077 1261 1115 1343 f.

543 1391 783 1508 composito
897 1489 905 1508 .

578 1601 752 1630 w·-

167 1777 260 1869 Cap.'
278 1785 308 1849 t.
359 1703 542 1848 Nomen
559 1757 845 1842 Hellorsteinn
863 1768 1052 1846 nusquam
1074 1736 1196 1813 citae

165 1892 248 1948 turn
265 1881 435 1972 reperio,
459 1888 714 1968 praeterquam
730 1865 773 1933 in
789 1857 927 1928 Codice
942 1853 981 1925 A
1005 1863 1044 1916 et
1072 1844 1196 1912 huic

167 1979 356 2050 consimili
376 1979 465 2048 Cod.
485 1981 540 2064 B,
564 1968 778 2042 secundum
795 1977 890 2051 quos
906 1949 1077 2023 Societas
1095 1949 1194 2014 An-

167 2080 262 2174 tiqu.
298 2083 398 2172 Sept.
434 2078 633 2149 historiam
666 2063 778 2140 Olavi
807 2051 1032 2151 Tryggvidae
1064 2045 1195 2138 typis

167 2183 423 2254 excutiendam
444 2178 608 2263 curavit,
632 2194 704 2242 nec
724 2161 860 2236 nonin
876 2153 975 2228 Edda
993 2147 1195 2217 Snorria-

167 2299 235 2372 na,
264 2300 302 2353 et
316 2281 599 2376 Heimskringla
620 2273 682 2361 (de
708 2291 784 2361 qua
809 2257 987 2330 citatione
1013 2247 1124 2316 infra
1152 2271 1194 2314 c.

166 2384 378 2470 6dicetur).
432 2387 479 2455 In
495 2383 576 2450 solo
598 2377 725 2447 codice
752 2359 984 2458 Byrgeriano
1002 2351 1082 2418 hoc
1104 2368 1197 2414 no-

167 2511 257 2557 men
277 2487 465 2580 scriptum
486 2483 632 2576 legitur
649 2463 952 2547 'Hattastetnan
1013 2454 1199 2522 Nomen

168 2587 249 2672 ejus
273 2589 349 2660 fuit
379 2590 516 2660 Steion
538 2586 713 2670 (Forum.
735 2567 823 2641 Vol.
844 2571 866 2634 2
888 2579 966 2646 cap.
992 2558 1198 2634 tao-251,

169 2687 259 2760 Edd.
290 2691 416 2760 Snorr.
448 2712 486 2780 p.
513 2683 611 2772 157),
657 2677 780 2748 dictus
802 2683 890 2736 vero
917 2672 971 2746 est
993 2649 1201 2722 Haliar-

170 2791 309 2880 steinn,
336 2811 367 2861 a:
388 2785 610 2860 Steinaulee
637 2784 670 2848 v.
695 2771 843 2847 aulicus
869 2758 929 2842 <ab
953 2753 1055 2836 nott,
1086 2770 1198 2841 gena

169 2889 328 2980 heller,
366 2891 491 2980 aula),
531 2881 636 2980 quod
657 2881 698 2950 in
724 2871 813 2942 aula
842 2858 946 2955 regia
969 2853 1032 2922 diu
1064 2849 1203 2936 vixit,

168 2991 232 3060 vel
250 2993 353 3084 quod
367 2995 513 3063 aulicus
531 2993 643 3080 poeta
656 2979 751 3053 ¹fnit.
807 2971 894 3040 Non
922 2955 1026 3026 enim
1051 2950 1206 3018 inusi-

169 3095 292 3164 tatu'm
306 3095 382 3164 fuit
398 3091 608 3176 veteribus,
635 3097 778 3152 nomen
795 3067 863 3153 rei,
880 3057 944 3130 cui
961 3055 1045 3146 quis
1066 3072 1207 3142 mag-

169 3213 260 3262 nam
277 3213 410 3266 cutam
428 3214 582 3293 gerere,
609 3197 677 3256 aut
692 3177 789 3260 loci,
816 3164 883 3238 ubi
903 3156 1036 3251 quisse
1051 3152 1211 3220 conti-

172 3315 263 3364 nere
278 3297 440 3382 amavit,
467 3288 690 3361 nominibus
704 3269 868 3370 propriis
891 3257 1112 3352 praefigere,
1149 3267 1213 3321 ut

172 3393 300 3464 videre
319 3409 376 3464 est
394 3413 441 3464 ex
457 3388 676 3464 nominibus
693 3361 948 3466 o'tnfngrt'mr,
974 3353 1214 3443 vakOIIi,

172 3497 384 3584 Hojizellr.

227 3595 316 3690 CflP·
335 3607 367 3672 2.
423 3593 555 3670 Primo
571 3585 727 3658 afferam
748 3571 960 3662 fragmenta
985 3549 1214 3646 quaedam,

174 3721 258 3789 quae
276 3695 550 3772 Hellarsteini
569 3681 716 3759 auctori
735 3669 869 3745 tribuit
883 3658 984 3736 Edda
1004 3655 1217 3726 Snorria-

174 3818 235 3866 11³·
289 3803 383 3875 Haec
409 3799 621 3895 fragmenta
643 3780 840 3876 pertinent
860 3760 906 3834 ad
933 3777 1098 3828 carmen
1130 3759 1218 3825 ali-

178 3898 279 3988 quod
303 3902 513 3986 eroticum,
551 3885 757 3962 artificiose
776 3862 1051 3957 compositum,
1098 3861 1220 3928 satis

176 3997 352 4071 intricata
376 4022 513 4070 vocum
544 4001 767 4068 structura„
796 3985 835 4042 et
858 3955 1223 4056 appellationibus

178 4102 336 4187 poeticis
355 4099 508 4196 longius
527 4089 676 4190 petitis,
699 4085 833 4170 inquo
851 4079 1003 4157 ceptum
1029 4079 1074 4126 se
1110 4063 1224 4150 pul.-
