2594 4784
9 4049 11 4120 ι

50 278 169 348 caat.
422 309 686 326 ----
920 247 980 336 29

48 477 157 549 {redo
176 475 219 545 in
237 491 298 542 me
316 492 384 564 pro
407 471 531 542 lubitu
556 469 798 558 consulendi3
825 495 957 545 rerum
973 471 1045 547 'ille

51 586 172 651 vitam
188 576 297 659 mihi,
324 575 554 664 insuperque
573 575 736 643 alterum
757 573 858 645 dedit
877 579 1045 666 oculum,

50 684 201 768 injussu
216 675 325 745 Olavi
339 676 446 772 regis,
470 697 583 763 seque
600 675 830 766 itapericulo
851 679 926 746 mei
937 699 1047 746 causa

53 781 241 873 exposuit.
296 781 420 872 Quare
438 795 540 842 nunc
556 773 681 861 veiim,
706 776 869 867 domine,
883 791 927 846 ut
943 777 1047 852 Hali-

53 883 210 952 iredum
235 877 332 946 mihi
360 875 555 944 condonet.
621 879 812 970 Dynasta,
855 893 899 948 ut
922 879 1046 965 vellet,

53 982 140 1052 iieri
154 979 275 1068 jussit.
329 981 432 1048 Tum
453 974 669 1047 Thorleifus
684 975 918 1050 Hallfredum
945 979 990 1047 ad
1008 998 1046 1048 se

54 1081 221 1170 recepit,
249 1078 361 1168 eique
379 1077 496 1145 fatur:
525 1073 616 1144 visn’
637 1095 680 1148 tn
701 1099 815 1167 nunc,
840 1077 1047 1167 Hallfrede,

53 1201 98 1252 ut
114 1185 218 1251 inter
237 1193 275 1246 te
291 1195 329 1248 et
343 1177 515 1248 Eirikum
533 1175 727 1268 dynastam
742 1179 849 1250 litem
865 1177 1046 1251 decidam.

43 1288 137 1378 ,Ego
156 1303 245 1348 vero
271 1279 427 1365 lubenS,
454 1277 592 1369 inquit.
645 1279 808 1350 Proinde
829 1295 872 1349 tu
896 1301 1049 1368 carmen

55 1385 98 1451 in
118 1383 306 1449 honorem
324 1380 488 1471 dynastae
504 1401 727 1470 componas,
750 1382 801 1450 ait
818 1377 1048 1466 Thorleifus,

56 1484 183 1549 trium
207 1481 383 1549 noctium
409 1479 528 1570 spatio
553 1481 830 1552 absolvendum.
886 1479 1049 1552 Hallfre-

9 1619 10 1656 t
58 1585 131 1652 dus
150 1583 205 1649 ita
225 1580 306 1649 fore
326 1581 535 1671 pollicitum
560 1583 680 1652 tribus
707 1581 840 1676 elapsis
858 1580 1047 1669 noctibus,

9 1715 11 1790 p
58 1684 189 1754 Eiriko
214 1681 376 1774 dynastae
392 1703 544 1750 carmen
569 1681 720 1770 attulit,
760 1685 867 1772 cujus
893 1681 1049 1752 initium

9 1811 11 1866 t
54 1785 133 1852 tale
150 1797 226 1851 est:
489 1807 491 1814 ’

9 1871 12 1978 ζ
161 1883 317 1974 Dignus
335 1903 403 1965 εει,
428 1877 606 1952 bellicose
630 1881 825 1976 princepe,

9 1989 10 1996 ’
164 1983 234 2074 qui
254 1977 480 2072 compositas
494 1983 539 2050 de
557 1997 595 2051 te
613 1984 743 2054 laudes
759 1981 898 2053 audias.

61 2090 252 2178 Dynasta,
275 2106 361 2151 cum
377 2081 496 2178 dignis
518 2087 684 2154 carmine
700 2086 863 2176 praemiis
882 2103 969 2153 eum
994 2104 1050 2152 or·

59 2201 204 2254 nassett
228 2185 339 2270 nolo,
362 2181 505 2276 inquit,
529 2197 731 2254 temecum
746 2183 885 2254 diutius
901 2183 1051 2272 habere,

60 2285 172 2356 Olavi
191 2285 288 2380 regis
309 2305 430 2368 causa.
497 2288 600 2357 Tum
631 2301 720 2355 eum
747 2279 962 2356 Thorleifus
986 2279 1050 2369 do-

9 2391 10 2438 i
60 2411 173 2456 mum
191 2407 298 2454 suam
322 2383 516 2474 invitavit,
558 2407 631 2476 qua
655 2403 807 2476 accepta
836 2383 1051 2454 conditione

9 2447 12 2606 i
60 2486 278 2558 Hallfredus
293 2481 461 2554 hiemem
481 2487 581 2578 apud
599 2487 840 2560 Thorleiftrm
866 2485 961 2582 egit,
986 2504 1051 2576 pa·

9 2607 11 2688 5
60 2613 148 2658 rum
166 2601 267 2656 sorte
289 2579 593 2675 mammantes,
620 2588 788 2680 quamvis
814 2607 902 2657 eum
929 2587 1053 2659 Thor-

63 2689 180 2758 leifua
199 2689 301 2756 laute
321 2683 477 2757 haberet
502 2691 614 2784 eique¹
634 2709 791 2784 summae
818 2685 1054 2758 liberalitatis

9 2843 10 2864 ,
63 2788 279 2880 specimina
298 2787 501 2882 exhiberet.
569 2792 744 2882 Seq'venti
768 2804 892 2860 aestate
917 2807 1054 2857 navem

60 2893 102 2960 in
119 2890 326 2957 Islandiam
340 2893 501 2981 paravit,
527 2913 612 2982 post
636 2889 865 2980 aliquamdiu
887 2906 1052 2955 comme·

62 2991 194 3060 atibus
213 2990 446 3068 mercatoriis
463 3014 615 3084 operam
636 2991 755 3079 dedit,
779 3011 904 3080 neque
922 2987 1054 3076 volup·
1100 3011 1102 3018 '

9 3103 10 3106 ’
63 3108 191 3160 tatem
206 3112 378 3180 unquam
397 3097 582 3183 percepit,
619 3089 900 3160 tantum'enim
922 3107 1055 3156 conce·

62 3206 239 3286 peratex
260 3193 410 3260 decessu
428 3193 533 3262 Olavi
552 3191 648 3288 regis
663 3183 849 3272 dolorem,
871 3205 916 3258 ut
929 3207 1066 3277 neque*

63 3297 106 3362 in
117 3291 300 3380 islandia,
323 3314 447 3382 neque
464 3295 506 3363 iu
521 3294 707 3388 Norvegia
723 3290 950 3360 commorari
969 3285 1054 3354 libi-

67 3409 159 3463 tum
181 3409 295 3476 assota
319 3393 505 3462 orientem
520 3413 645 3463 versus
664 3395 704 3462 in
721 3392 889 3463 Sveciam
909 3385 1056 3480 profec·
1167 3425 1168 3428 =

64 3514 128 3565 tus
145 3507 217 3581 est,
244 3495 390 3562 risurus
409 3495 627 3589 Audgilsem
643 3493 764 3562 filium
781 3510 956 3582 opesque,
966 3509 1056 3578 quas

64 3597 120 3666 ibi
140 3594 302 3664 tuendas
315 3593 467 3686 habuit,
494 3613 585 3663 tunc
605 3596 706 3663 enirn
724 3594 929 3662 decesserat
952 3589 1055 3658 Tho·

64 3701 184 3783 rarr',
213 3686 441 3766 socer'suus.
496 3691 713 3772 Hallfredus
731 3691 972 3785 quadraginta
990 3709 1055 3756 art-

64 3819 210 3866 norum
227 3808 324 3882 erat,
364 3818 452 3866 cum
472 3819 560 3887 opes
583 3785 666 3864 suas
693 3795 856 3884 petitum
878 3787 918 3858 in
941 3785 1057 3856 islan-

65 3897 171 3967 diam
185 3893 502 3988 proficisceretur,
528 3896 654 3966 sedem
670 3894 711 3964 in
732 3893 857 3964 Svecia
882 3887 1055 3979 deinceps

110 4062 144 4131 Ι)
167 4064 212 4111 ber
227 4061 272 4124 ek,
292 4055 516 4130 proser0(1audes
534 4058 567 4110 de
582 4065 606 4110 t'e
624 4057 694 4128 διο)
709 4057 736 4110 S.
752 4057 780 4108 in
794 4052 907 4126 append·
929 4069 957 4122 p,
974 4050 1017 4102 20·

9 4151 10 4176 ³
107 4153 144 4222 2)
165 4153 232 4218 por,
246 4151 293 4216 ibi,
309 4153 339 4200 Β.
449 4155 450 4162 ’
