2514 4782
197 240 386 341 ’170
592 266 865 328 ”---·“““-“ὲ“-
996 233 1002 246 ’
1134 285 1226 351 ot.

225 468 332 542 mine
356 471 582 559 Hunr'ddus,
623 469 725 540 filius
748 471 924 544 Vefredi¹
949 476 1079 552 Prisci.
1148 482 1224 554 Hic

227 573 381 643 domino
398 577 573 664 episcopo
585 569 722 666 gratias
738 573 814 667 egit
830 598 898 666 pro
914 581 1095 668 oratione,
1108 607 1223 674 quam

227 698 272 747 eo
293 673 354 742 die
379 698 506 746 coram
523 673 665 767 populo
685 673 879 746 habuerat.
933 681 1123 754 Dominus
1143 686 1222 774 epi-

224 797 382 864 scopus,
409 777 596 848 sinceram
620 773 786 844 hominis
809 775 1113 856 benevolentiam
1139 809 1220 854 sen-

184 887 187 897 *
226 879 343 966 tiens,
372 900 458 946 curn
490 878 744 968 intelligeret,
782 899 870 946 eum
894 889 1088 954 memoriae
1115 908 1219 956 man-

227 977 330 1048 dasse
350 993 388 1047 et
407 979 544 1056 animo,
561 976 784 1065 retinuisse,
813 1001 898 1070 quoe
923 981 1087 1074 dixerat,
1112 987 1217 1058 Hun-

225 1078 362 1150 rbdurn
382 1102 568 1172 perquem
583 1079 741 1150 honeste
760 1083 927 1170 accepit,
955 1103 993 1156 et
1012 1086 1217 1184 interrogass

224 1180 299 1264 vit,
336 1181 425 1272 quid
447 1181 520 1252 sibi
535 1180 728 1274 agendum
746 1183 947 1255 statuisset.
1013 1189 1216 1259 Hunrbdus

224 1283 441 1372 respondit:
477 1281 524 1355 ad
556 1297 674 1352 terras
707 1281 909 1352 orientales
939 1289 1053 1370 (mari
1079 1291 1213 1359 baltico

224 1380 471 1473 adjacentes),
495 1386 528 1454 si
550 1383 768 1454 institutum
784 1405 963 1480 peragere
986 1389 1094 1478 licet,
1116 1392 1212 1460 navi-

225 1485 345 1575 gab03
374 1501 458 1555 tum
485 1485 702 1577 episcopum
727 1487 849 1554 amice
868 1489 1032 1582 rogavit,
1070 1491 1212 1560 doceret

225 1605 284 1668 se,
321 1609 368 1656 an
391 1609 450 1657 res
470 1609 553 1659 suas
573 1609 619 1656 ex
640 1607 753 1654 cursu
778 1585 947 1658 siderum
964 1605 1133 1677 notaret,
1170 1608 1209 1660 ut

223 1700 313 1756 ante
326 1711 364 1756 se
383 1689 452 1758 viri
469 1689 657 1779 sapientes
669 1685 858 1760 fecissent.
913 1688 985 1762 Cui
998 1692 1206 1783 episcopus:

223 1787 277 1856 mi
299 1787 418 1858 dulcis
435 1789 509 1862 lili!
533 1812 582 1860 ne
599 1788 733 1879 priscis
747 1789 995 1880 opinionibus
1020 1810 1086 1864 aut
1111 1816 1207 1862 vane

224 1890 483 1978 superstitioni
500 1906 538 1962 te
561 1889 750 1976 vendites,
789 1903 828 1958 te
855 1891 983 1981 potius
1007 1917 1206 1984 omnesque

222 2012 306 2080 spes
328 2005 410 2061 tuas
434 1991 503 2062 deo
531 1989 776 2074 commenda,
817 2005 874 2078 et,
912 1992 944 2060 si
965 1995 1124 2088 gloriam
1150 2009 1207 2063 aut

223 2112 313 2180 opes
344 2094 541 2181 acquirere
562 2092 634 2164 tibi
658 2091 876 2188 contigerit,
916 2093 985 2162 deo
1017 2109 1206 2188 occeptum

222 2191 382 2278 referas,
409 2195 441 2264 is
458 2193 563 2268 enirn
580 2192 651 2260 tibi
670 2192 795 2276 dedit3
823 2208 863 2264 et
882 2193 955 2262 hoc
981 2219 1073 2278 euru
1090 2219 1204 2265 remu·
1245 2215 1246 2274 t

222 2317 351 2379 neres,
379 2308 423 2362 ut
457 2309 545 2366 ente
579 2295 706 2364 omnia
732 2312 900 2366 sanctam
934 2295 1046 2366 fidem
1078 2311 1205 2382 teneas,
1245 2281 1246 2361 l

224 2417 339 2484 quam
375 2407 414 2466 te
452 2396 584 2484 docui,
614 2395 697 2468 haec
731 2396 835 2466 enirn
872 2396 1047 2468 omnibus
1080 2396 1204 2468 divitiis

221 2497 466 2585 prestantior
491 2511 558 2568 est.
626 2501 728 2570 Tum
763 2497 969 2570 Hunrbdus
995 2501 1205 2591 episcopum

223 2596 428 2692 sigurdum
455 2601 726 2691 interrogavit,
766 2615 955 2690 quantum
978 2598 1203 2689 haberetpe·
1244 2675 1245 2680 ἵ

222 2699 364 2779 cuniae,
389 2700 512 2770 voluit
529 2701 634 2770 enirn
653 2701 697 2770 ab
716 2724 760 2770 eo
780 2699 924 2790 aliquid
949 2717 1127 2770 mutuum
1151 2723 1202 2767 su·

220 2819 346 2887 mere,
372 2799 463 2868 boni
481 2802 617 2872 ominis
633 2825 742 2870 causa
759 2815 798 2870 et
812 2800 864 2872 in·
876 2801 1015 2895 ¹pignus
1043 2798 1203 2892 prosperi

221 2919 421 2972 successus.
483 2902 676 2976 Dominus
692 2903 892 2992 episcopus
912 2902 1119 2991 respondit:
1148 2923 1202 2970 ne-

220 2999 297 3070 scio
320 3025 381 3072 rne
409 3000 503 3074 ullas
527 3003 665 3074 hebere
688 3002 888 3093 pecunias,
929 3016 1067 3094 praeter
1093 3023 1201 3072 unum
1243 3081 1244 3086 ἵ

223 3103 428 3188 annulum,
475 3127 591 3193 quem
623 3103 723 3177 mihi
756 3125 822 3172 rex
856 3105 996 3174 Olavus
1030 3098 1201 3200 Tryggvii

221 3199 343 3288 filius,
378 3225 488 3272 meus
513 3203 634 3278 dulcis
659 3205 836 3274 dominus
861 3218 899 3272 et
924 3205 1099 3300 egregius
1122 3201 1201 3272 ami·

220 3308 321 3391 cus²,
340 3301 441 3372 dono
461 3304 585 3386 deditt
608 3322 723 3396 etque
739 3305 847 3378 novit
858 3306 961 3392 deus,
974 3303 1079 3374 hunc
1095 3325 1200 3374 ennu-

220 3400 303 3471 lurn
327 3403 424 3472 mihi
447 3417 532 3478 tam.
551 3406 729 3480 nocivum
762 3427 863 3495 esse,
897 3427 1011 3497 quam
1046 3402 1201 3474 acutissi-

218 3524 326 3572 mum
353 3513 590 3594 serpentem,
626 3525 666 3578 et
689 3507 869 3589 lubenter
894 3505 1100 3594 voluerim,
1137 3505 1201 3572 hoc

218 3607 360 3674 annulo
387 3606 554 3698 posthaec
579 3609 726 3698 aliquot
747 3607 950 3678 hominurn
975 3607 1116 3678 animas
1140 3605 1199 3673 deo

221 3706 440 3796 conciliare,
468 3709 595 3800 potius
614 3733 729 3800 quam
746 3732 791 3778 eo
807 3707 991 3778 servando
1010 3708 1200 3777 detrimen-

203 3817 303 3872 tum
324 3808 457 3878 efferre
476 3808 604 3882 animo
620 3833 732 3892 meos
759 3819 797 3879 at
820 3826 907 3898 post
928 3809 1063 3898 paulo,
1099 3827 1199 3899 quam

218 3902 392 3976 dominus
406 3911 609 4001 episcopus
635 3924 674 3980 et
697 3911 904 3983 Hunrbdus
932 3909 1089 4002 digressi
1111 3917 1198 3990 sunt,

217 4003 316 4076 lama
331 4011 478 4100 accepit
495 4012 714 4100 Hunrddus,
740 4013 927 4082 annulum
943 4010 1050 4104 prius
1069 4027 1198 4080 memo·

216 4109 485 4132 Μ

260 4141 294 4206 ¹)
312 4139 425 4204 AEvaris,
444 4143 505 4196 add.
525 4143 553 4198 S.
593 4138 760 4211 ²)‚dilectus,
779 4141 813 4195 A.
