2594 4784
268 237 330 330 24
555 253 823 298 m
1055 266 1203 334 usse.

556 299 829 319 *mm

206 462 687 559 pertemiusulaeborealem
699 463 917 554 appulisset,
931 479 1206 540 austrumver-

206 591 269 638 sus
299 589 368 659 per
404 581 583 636 montana
624 565 826 655 equitavit,
867 567 1208 656 quemadmodum

206 691 318 760 supra
341 679 680 736 commemoratum
700 679 766 733 est.
818 668 913 736 Huic
929 667 1207 736 veteresinter

206 768 445 842 Hallfredum
464 782 501 836 et
519 765 669 838 Griseru
688 763 862 858 Saemingi
882 766 1002 836 filium
1024 767 1206 836 simulta-

206 885 261 939 tes
271 869 519 958 recruduere,
552 880 632 932 tem
650 864 696 934 de
718 887 827 934 causa
851 865 1047 953 suffinae,
1074 887 1202 958 quam

208 971 254 1040 de
282 971 380 1041 caede
407 967 551 1040 Einaris
577 966 753 1044 Thermis
785 965 875 1036 filit·
933 971 987 1038 Eo
1011 980 1205 1058 'tempore

208 1070 530 1157 ThorkellKrefla‚
549 1067 768 1161 Thorgrimi
782 1067 892 1156 filius,
915 1069 1001 1136 Hofi
1009 1069 1050 1136 in
1060 1073 1204 1136 Vetus-

209 1171 293 1242 dalo
309 1171 510 1255 habitavit3
533 1168 565 1239 is
590 1166 632 1238 in
655 1168 897 1242 matrimonio
914 1167 1206 1259 habuit-vigui-

206 1295 303 1361 sam,
330 1271 437 1345 Oluvi
464 1270 509 1338 de
532 1268 745 1360 Haukugilo
771 1269 909 1358 filiam,
935 1267 1116 1360 usquein
1132 1267 1201 1334 his

207 1371 387 1442 tractibus
407 1371 617 1462 plurimum
638 1369 863 1442 auctoritate
881 1369 1037 1440 valebat.
1090 1371 1204 1439 Tum

207 1470 430 1558 Hunr‘ddus,
463 1468 637 1564 Vefreydi
664 1471 795 1556 filius',
827 1470 1008 1561 Mobergi
1029 1469 1071 1538 in
1098 1469 1207 1536 Lan-

208 1571 337 1668 gadelo
354 1571 556 1656 habitavit3
576 1563 692 1656 hujds
703 1570 852 1640 curialis
868 1571 1052 1641 eratGr-is.
1089 1569 1205 1639 Hell-

207 1671 336 1742 fredus
374 1665 693 1763 Difficilis-podda
722 1671 889 1740 hiemem
916 1671 1017 1764 apud
1041 1667 1204 1738 fretrem

212 1771 382 1843 Galrium
411 1773 658 1868 transigebat,
704 1786 865 1862 tumque
895 1766 1038 1865 [versus
1059 1768 1203 1841 Grisia·

210 1896 298 1960 nos,
329 1871 430 1968 quod
446 1895 584 1968 magna
602 1894 648 1941 ex
666 1872 1018 1966 parteprobrosum
1045 1891 1204 1940 carmen

213 1987 300 2060 esu,
326 1973 549 2062 compesuit.
612 1976 695 2068 Quo
722 1972 896 2068 cognito,
935 1972 1022 2044 Gris
1046 1973 1203 2040 Hunre-

212 2071 303 2142 dum
317 2071 513 2158 convenit5
541 2074 608 2165 qui
625 2088 669 2146 ut
680 2091 900 2155 convenere,
928 2074 1012 2144 Gris
1028 2071 1129 2140 infit:
1154 2093 1206 2140 eu

212 2173 258 2241 de
274 2173 470 2242 causahuc
487 2172 630 2260 adsum,
659 2173 759 2264 quod
767 2174 841 2243 tuis
852 2173 1016 2243 consiliis
1031 2173 1087 2241 uti
1098 2174 1200 2258 velo,

213 2296 297 2366 quae
327 2271 378 2342 sit
400 2273 566 2346 ineunda
588 2275 762 2344 adversus
787 2274 1043 2344 Hullfredum⁸
1067 2295 1205 2342 conve-

185 2442 189 2454 ,
212 2375 321 2448 niens
331 2374 439 2458 ratio,
466 2395 515 2442 ne
526 2375 569 2442 ab
580 2398 623 2442 eo
635 2374 776 2444 diutius
788 2373 874 2442 solis
884 2372 1204 2464 contumeliispe-

213 2485 283 2562 tar,
300 2473 514 2546 nunceuim
530 2496 645 2544 novas
656 2489 807 2543 tantum
818 2473 916 2544 feces
927 2475 1030 2542 addit
1038 2472 1206 2541 inimici-

212 2571 284 2641 tiis.
322 2573 524 2647 Hunrudus
539 2573 756 2666 respondet:
775 2573 814 2642 id
824 2575 971 2644 consilii
984 2575 1042 2661 de,
1060 2585 1104 2640 ut
1117 2574 1205 2644 lites

214 2671 389 2766 adversus
404 2671 642 2748 Hallfredum
663 2675 824 2744 instruas
847 2674 889 2746 iu
918 2687 1105 2744 conventu
1119 2675 1206 2743 Hu-

215 2773 433 2849 navatrrensi
448 2773 706 2868 peragendas}
718 2796 843 2864 neque
864 2787 994 2844 tamen
1014 2774 1059 2842 de
1073 2779 1204 2842 cuusa⁴

215 2875 410 2949 Kolfinnae.
479 2874 550 2944 His
576 2871 741 2944 comitiis
763 2896 851 2943 usus
880 2891 935 2944 est
962 2875 1057 2946 Gris.
1128 2873 1205 2965 Qui

216 2975 350 3050 eodem
373 2997 463 3044 vere
490 2989 661 3045 austrum
675 2996 801 3044 versus
820 2975 1108 3044 Hreduvatnum
1141 2971 1206 3040 de·

214 3088 365 3162 vectus,
391 3069 630 3144 Hellfredum
647 3075 708 3144 die
730 3074 896 3144 distein
916 3089 1102 3144 conventu
1121 3073 1206 3142 Hu-

215 3175 433 3244 navatnensi
457 3173 584 3242 adesse
612 3175 721 3261 jussit
753 3173 799 3242 ad
824 3169 974 3247 ceusam
1006 3174 1207 3247 dicendam

218 3273 262 3342 de
281 3274 382 3342 caede
400 3273 547 3345 Eineris
570 3275 776 3366 propinqui
793 3274 864 3362 sui,
891 3275 1014 3366 deque
1037 3274 1207 3345 carmine

216 3375 418 3466 probros03
437 3374 572 3470 quibus
591 3379 681 3451 actis
700 3375 855 3444 domum
869 3377 1078 3448 revertitur.
1115 3376 1207 3445 Post

218 3474 353 3550 eodem
371 3471 457 3544 vere
478 3475 612 3543 fratres
627 3478 672 3546 ab
688 3494 810 3544 austro
833 3499 922 3549 cum
938 3478 1092 3568 triginta
1113 3475 1207 3546 viris

218 3576 454 3664 equitarunt3
494 3575 710 3652 Hellsredus
745 3576 930 3646 auxilium
961 3598 982 3642 a
1012 3573 1206 3648 Thorkele

216 3677 338 3752 Krufla
364 3675 468 3749 affini
492 3699 561 3750 suo
583 3677 733 3770 petivit.
796 3675 981 3748 Thorkell
995 3677 1032 3746 ei
1048 3675 1207 3744 advoca-

210 3910 213 3915 .
254 3849 286 3920 ¹)
302 3851 460 3904 Hunraudus
479 3851 586 3908 Vofridi
607 3851 638 3916 f.,
658 3851 689 3918 Β,
712 3852 743 3907 C.
781 3851 839 3919 ’μ
862 3851 953 3918 signu:
973 3847 1116 3920 Hellfredr
1135 3851 1207 3906 vt'sur

216 3947 292 4011 brer,
324 3961 351 3994 er
376 3939 495 4012 Hdljuz'd
524 3963 568 3993 eru
591 3942 734 4010 kallaear,
762 3961 868 4008 versus,
906 3941 1016 3992 Hulfm'd
1049 3941 1148 4006 dictos,
1175 3942 1206 3990 B.

219 4033 251 4102 ²)
267 4031 314 4088 vid'
328 4031 419 4086 besni
440 4032 489 4098 fid,
511 4052 538 4084 er
561 4033 629 4084 herm
643 4037 717 4103 gerit·
731 4036 795 4099 mbr,
816 4034 850 4084 ob
870 4033 967 4087 illatum
985 4031 1051 4088 mihi
1066 4043 1207 4084 coutume-

215 4125 295 4190 liam,
315 4123 377 4176 add.
396 4125 426 4176 Β.
464 4120 584 4196 4)mdl‚
605 4141 689 4190 causa,
720 4124 781 4179 add.
798 4126 852 4192 B„
