2514 4782
388 1027 737 1140 Vita.

126 1201 143 1232 '³
188 1199 451 1290 Thorsteinis
482 1203 828 1319 Domo-Maioris.

436 1423 608 1442 ..n-u·-

54 1583 123 1677 Cap.
139 1592 166 1654 i.
295 1603 344 1648 uo
363 1597 536 1672 tempore
557 1572 1018 1678 dynastaHalronSigurdi
1098 1579 1101 1589 '

51 1688 130 1756 filius
147 1680 341 1778 Norvegiae
357 1685 522 1774 praefuit,
548 1688 704 1756 colonus
720 1686 761 1754 in
790 1673 1017 1754 Gaulardalo

51 1784 236 1872 habitavit,
262 1785 419 1854 nomine
435 1787 673 1879 BrynJolvus,
696 1787 816 1855 dietus
831 1779 1019 1863 Camelus,

51 1884 198 1980 preieeti
220 1885 415 1980 dignitate,
431 1887 586 1980 insignis
600 1871 768 1957 atbietau
805 1880 923 1954 Uxori
940 1880 1022 1968 ejus

53 1985 262 2058 nomensuit
279 1990 457 2079 Dagnya,
480 1987 558 2058 filia
584 1985 825 2082 Jarnskeggii
841 1979 1021 2070 Yrjensis.

53 2089 217 2162 Hieunus
233 2086 442 2176 eratfilius,
469 2090 622 2158 nomine
641 2089 861 2172 Thorstein,
886 2101 1025 2174 magna

55 2203 174 2260 statura
189 2203 228 2257 et
242 2187 405 2278 viribus,
432 2188 517 2261 duri
543 2191 708 2287 ingenii,
731 2186 897 2274 nemini,
930 2203 1024 2272 quo·

57 2313 128 2359 curn
147 2289 270 2358 ei-res
299 2301 414 2379 esset,
448 2291 593 2361 cedens.
654 2293 769 2364 Hunc
796 2308 910 2358 nemo
930 2287 1027 2356 Nor·

56 2413 214 2486 vegorum
242 2401 382 2458 statura
403 2393 584 2484 aequavit,
632 2415 760 2485 neque
785 2390 887 2458 fores
914 2381 1031 2454 facile

57 2491 340 2582 reperiebantur,
372 2513 467 2580 quas
494 2493 692 2563 commode
724 2493 866 2561 intrare
891 2498 1029 2578 posset,

58 2616 153 2683 quare
169 2589 909 2689 dietusestBaearmagnfflomo-Majori,
929 2579 1032 2677 quod

58 2695 226 2782 pleraeque
248 2691 384 2761 domus
406 2718 497 2763 eum
525 2717 659 2786 capere
683 2714 763 2763 non
792 2713 901 2784 posse
932 2683 1032 2756 vide·

59 2797 186 2864 bantur.
240 2792 339 2861 Cum
357 2793 399 2862 in
418 2795 594 2866 convictu
614 2795 778 2864 difficilis
795 2806 907 2879 esset,
922 2799 1034 2880 pater

60 2895 90 2964 ei
105 2919 225 2966 navem
246 2887 457 2986 nautasque
469 2895 590 2984 dedit,
615 2889 716 2970 unde
735 2891 940 2968 Thorstein
954 2890 1034 2976 jam

60 2996 95 3064 in
124 2993 418 3088 expeditionibus
447 2997 632 3088 piraticis,
663 2999 742 3084 jam
766 2989 1034 3066 initineribus

61 3095 276 3166 mercaturiis
291 3113 457 3167 versatus
475 3113 550 3187 est,
579 3097 680 3190 quod
703 3111 911 3186 utrumque
933 3089 970 3158 ei
989 3101 1036 3154 ex

63 3197 228 3266 sententia
258 3195 386 3264 cessit.
466 3199 550 3268 Hoc
589 3213 764 3290 ternpore
801 3219 868 3266 rex
898 3185 1047 3265 Ol'avus'

65 3295 231 3392 Tryggvii
247 3295 350 3364 filius
364 3317 529 3391 regnum
547 3303 745 3397 Norvegiee
769 3295 935 3390 accepit,
962 3293 1037 3360 He·

62 3397 146 3468 irone
162 3399 348 3492 dynastae
368 3421 474 3469 servo
491 3421 572 3487 sue,
588 3403 650 3472 cui
669 3425 812 3470 nornen
831 3393 1038 3470 fuitThor·
1073 3451 1081 3474 p

24 3531 25 3538 ¹
62 3500 178 3569 modus
205 3497 368 3586 KarkuS,
412 3499 599 3593 jugulato.
667 3499 870 3572 Thorstein
895 3497 1040 3566 Domo·

62 3602 169 3687 major
185 3599 287 3668 inter
309 3597 449 3670 aulicos
469 3600 566 3694 regis
586 3599 691 3673 Olavi
715 3610 914 3690 receptus,
949 3605 1042 3658 stre⁶

64 3722 149 3770 uuus
166 3699 223 3767 vir
238 3698 285 3768 ab
302 3721 390 3796 rege
406 3701 571 3788 babitus,
597 3702 802 3796 magnique
824 3696 1042 3777 aestimatus,

64 3801 181 3870 aulicis
197 3822 287 3868 vero
307 3799 434 3870 minus
457 3793 632 3892 acceptus
647 3799 734 3888 fuit,
763 3793 865 3892 quod
879 3796 926 3864 iis
941 3793 1043 3862 visus

66 3915 110 3968 est
130 3897 328 3992 asperioris
345 3899 490 3997 ingenii
511 3914 550 3970 et
571 3901 764 3996 pertinax3
787 3921 855 3970 rex
879 3919 969 3969 eum
990 3893 1044 3962 le·

66 4003 288 4094 petionibus,
317 4024 410 4092 quas
433 4003 500 4072 alii
526 4003 633 4072 obire
664 4001 945 4085 detrectarunt,
984 3993 1046 4062 ad·

67 4100 310 4208 ministrandis
326 4103 539 4196 plurimum
552 4105 738 4198 adhibuit,
756 4100 948 4176 interdum
959 4117 1046 4188 pro·
