<?xml version="1.0" encoding="UTF-8"?>
<!DOCTYPE html PUBLIC "-//W3C//DTD XHTML 1.0 Transitional//EN"
    "http://www.w3.org/TR/xhtml1/DTD/xhtml1-transitional.dtd">
<html xmlns="http://www.w3.org/1999/xhtml" xml:lang="en" lang="en">
 <head>
  <title>
</title>
<meta http-equiv="Content-Type" content="text/html;charset=utf-8" />
  <meta name='ocr-system' content='tesseract 3.04.00' />
  <meta name='ocr-capabilities' content='ocr_page ocr_carea ocr_par ocr_line ocrx_word'/>
</head>
<body>
  <div class='ocr_page' id='page_1' title='image "./scriptahistoric01dengoog_0032.png"; bbox 0 0 2594 4784; ppageno 0'>
   <div class='ocr_carea' id='block_1_1' title="bbox 77 257 1013 344">
    <p class='ocr_par' dir='ltr' id='par_1_1' title="bbox 77 257 1013 344">
     <span class='ocr_line' id='line_1_1' title="bbox 77 257 1013 344; baseline 0.012 -11"><span class='ocrx_word' id='word_1_1' title='bbox 77 274 205 342; x_wconf 62' lang='lat' dir='ltr'><strong>cett.</strong></span> <span class='ocrx_word' id='word_1_2' title='bbox 453 263 721 330; x_wconf 47' lang='grc' dir='ltr'><strong>ΞΜ*</strong></span> <span class='ocrx_word' id='word_1_3' title='bbox 957 257 1013 344; x_wconf 80' lang='grc'><strong>19</strong></span> 
     </span>
    </p>
   </div>
   <div class='ocr_carea' id='block_1_2' title="bbox 8 472 1160 3780">
    <p class='ocr_par' dir='ltr' id='par_1_2' title="bbox 8 472 1160 2980">
     <span class='ocr_line' id='line_1_2' title="bbox 76 472 1074 567; baseline 0.016 -27"><span class='ocrx_word' id='word_1_4' title='bbox 76 487 189 562; x_wconf 84' lang='lat' dir='ltr'><strong>rant,</strong></span> <span class='ocrx_word' id='word_1_5' title='bbox 211 495 302 544; x_wconf 88' lang='lat' dir='ltr'><strong>cum</strong></span> <span class='ocrx_word' id='word_1_6' title='bbox 326 472 500 567; x_wconf 75' lang='lat' dir='ltr'><strong>ingentes</strong></span> <span class='ocrx_word' id='word_1_7' title='bbox 523 495 584 544; x_wconf 86' lang='lat' dir='ltr'><strong>eas</strong></span> <span class='ocrx_word' id='word_1_8' title='bbox 600 497 671 564; x_wconf 87' lang='lat' dir='ltr'><strong>res,</strong></span> <span class='ocrx_word' id='word_1_9' title='bbox 697 497 780 567; x_wconf 80' lang='lat' dir='ltr'><strong>quae</strong></span> <span class='ocrx_word' id='word_1_10' title='bbox 801 474 847 546; x_wconf 91' lang='lat' dir='ltr'><strong>ad</strong></span> <span class='ocrx_word' id='word_1_11' title='bbox 864 479 1074 556; x_wconf 77' lang='lat' dir='ltr'><strong>Svoldtiam</strong></span> 
     </span>
     <span class='ocr_line' id='line_1_3' title="bbox 74 571 1074 668; baseline 0.013 -26"><span class='ocrx_word' id='word_1_12' title='bbox 74 592 197 668; x_wconf 72' lang='lat' dir='ltr'><strong>gestae</strong></span> <span class='ocrx_word' id='word_1_13' title='bbox 215 586 326 664; x_wconf 86' lang='lat' dir='ltr'><strong>sunt,</strong></span> <span class='ocrx_word' id='word_1_14' title='bbox 352 571 599 666; x_wconf 72' lang='lat' dir='ltr'><strong>accepissent,</strong></span> <span class='ocrx_word' id='word_1_15' title='bbox 622 577 730 647; x_wconf 89' lang='lat' dir='ltr'><strong>luctu</strong></span> <span class='ocrx_word' id='word_1_16' title='bbox 748 594 785 646; x_wconf 90' lang='lat' dir='ltr'><strong>et</strong></span> <span class='ocrx_word' id='word_1_17' title='bbox 813 579 939 649; x_wconf 86' lang='lat' dir='ltr'><strong>dolore</strong></span> <span class='ocrx_word' id='word_1_18' title='bbox 956 583 1074 655; x_wconf 86' lang='lat' dir='ltr'><strong>animi</strong></span> 
     </span>
     <span class='ocr_line' id='line_1_4' title="bbox 76 673 1073 765; baseline 0.013 -25"><span class='ocrx_word' id='word_1_19' title='bbox 76 675 402 760; x_wconf 87' lang='lat' dir='ltr'><strong>commotisunt,</strong></span> <span class='ocrx_word' id='word_1_20' title='bbox 440 673 541 765; x_wconf 89' lang='lat' dir='ltr'><strong>quod</strong></span> <span class='ocrx_word' id='word_1_21' title='bbox 565 689 643 744; x_wconf 83' lang='lat' dir='ltr'><strong>tant</strong></span> <span class='ocrx_word' id='word_1_22' title='bbox 671 675 819 748; x_wconf 72' lang='lat' dir='ltr'><strong>incauti</strong></span> <span class='ocrx_word' id='word_1_23' title='bbox 848 681 984 750; x_wconf 90' lang='lat' dir='ltr'><strong>abillo</strong></span> <span class='ocrx_word' id='word_1_24' title='bbox 1011 684 1073 752; x_wconf 83' lang='lat' dir='ltr'><strong>ab·</strong></span> 
     </span>
     <span class='ocr_line' id='line_1_5' title="bbox 75 775 1074 872; baseline 0.009 -30"><span class='ocrx_word' id='word_1_25' title='bbox 75 776 298 864; x_wconf 76' lang='lat' dir='ltr'><strong>cessissent,</strong></span> <span class='ocrx_word' id='word_1_26' title='bbox 322 791 360 845; x_wconf 87' lang='lat' dir='ltr'><strong>et</strong></span> <span class='ocrx_word' id='word_1_27' title='bbox 378 777 423 845; x_wconf 85' lang='lat' dir='ltr'><strong>in</strong></span> <span class='ocrx_word' id='word_1_28' title='bbox 436 789 543 844; x_wconf 88' lang='lat' dir='ltr'><strong>tanto</strong></span> <span class='ocrx_word' id='word_1_29' title='bbox 565 775 814 849; x_wconf 81' lang='lat' dir='ltr'><strong>constitutum</strong></span> <span class='ocrx_word' id='word_1_30' title='bbox 831 781 1001 872; x_wconf 86' lang='lat' dir='ltr'><strong>periculo</strong></span> <span class='ocrx_word' id='word_1_31' title='bbox 1016 806 1074 851; x_wconf 90' lang='lat' dir='ltr'><strong>re·</strong></span> 
     </span>
     <span class='ocr_line' id='line_1_6' title="bbox 75 875 1073 976; baseline 0.008 -32"><span class='ocrx_word' id='word_1_32' title='bbox 75 875 296 965; x_wconf 83' lang='lat' dir='ltr'><strong>liquissent.</strong></span> <span class='ocrx_word' id='word_1_33' title='bbox 352 879 435 970; x_wconf 88' lang='lat' dir='ltr'><strong>Quo</strong></span> <span class='ocrx_word' id='word_1_34' title='bbox 451 876 571 968; x_wconf 83' lang='lat' dir='ltr'><strong>tnagis</strong></span> <span class='ocrx_word' id='word_1_35' title='bbox 584 879 784 971; x_wconf 80' lang='lat' dir='ltr'><strong>Erlingutn</strong></span> <span class='ocrx_word' id='word_1_36' title='bbox 797 882 956 976; x_wconf 80' lang='lat' dir='ltr'><strong>angebat</strong></span> <span class='ocrx_word' id='word_1_37' title='bbox 976 883 1073 952; x_wconf 87' lang='lat' dir='ltr'><strong>tanti</strong></span> 
     </span>
     <span class='ocr_line' id='line_1_7' title="bbox 8 975 1071 1074; baseline 0.006 -29"><span class='ocrx_word' id='word_1_38' title='bbox 8 1049 10 1070; x_wconf 44' lang='grc' dir='ltr'>Ι</span> <span class='ocrx_word' id='word_1_39' title='bbox 74 976 445 1066; x_wconf 83' lang='lat' dir='ltr'><strong>principisamissus‚</strong></span> <span class='ocrx_word' id='word_1_40' title='bbox 461 975 562 1068; x_wconf 90' lang='lat' dir='ltr'><strong>qnod</strong></span> <span class='ocrx_word' id='word_1_41' title='bbox 574 981 734 1049; x_wconf 77' lang='lat' dir='ltr'><strong>arctiore</strong></span> <span class='ocrx_word' id='word_1_42' title='bbox 749 1001 837 1050; x_wconf 87' lang='lat' dir='ltr'><strong>curn</strong></span> <span class='ocrx_word' id='word_1_43' title='bbox 854 985 1071 1074; x_wconf 83' lang='lat' dir='ltr'><strong>regeOiavo</strong></span> 
     </span>
     <span class='ocr_line' id='line_1_8' title="bbox 8 1077 1072 1174; baseline 0.008 -30"><span class='ocrx_word' id='word_1_44' title='bbox 8 1095 10 1144; x_wconf 69' lang='lat' dir='ltr'><strong>t</strong></span> <span class='ocrx_word' id='word_1_45' title='bbox 76 1077 268 1171; x_wconf 85' lang='lat' dir='ltr'><strong>Tryggvii</strong></span> <span class='ocrx_word' id='word_1_46' title='bbox 284 1077 363 1146; x_wconf 83' lang='lat' dir='ltr'><strong>silio</strong></span> <span class='ocrx_word' id='word_1_47' title='bbox 375 1078 677 1148; x_wconf 81' lang='lat' dir='ltr'><strong>necessitudine</strong></span> <span class='ocrx_word' id='word_1_48' title='bbox 665 1093 822 1167; x_wconf 73' lang='lat' dir='ltr'><strong>junctus</strong></span> <span class='ocrx_word' id='word_1_49' title='bbox 841 1097 932 1165; x_wconf 84' lang='lat' dir='ltr'><strong>erat,</strong></span> <span class='ocrx_word' id='word_1_50' title='bbox 958 1099 1072 1174; x_wconf 83' lang='lat' dir='ltr'><strong>quam</strong></span> 
     </span>
     <span class='ocr_line' id='line_1_9' title="bbox 8 1177 1072 1271; baseline 0.006 -27"><span class='ocrx_word' id='word_1_51' title='bbox 8 1193 9 1196; x_wconf 73' lang='grc'>’</span> <span class='ocrx_word' id='word_1_52' title='bbox 72 1177 213 1262; x_wconf 82' lang='lat' dir='ltr'><strong>alii3</strong></span> <span class='ocrx_word' id='word_1_53' title='bbox 203 1200 235 1246; x_wconf 84' lang='lat' dir='ltr'><strong>ts</strong></span> <span class='ocrx_word' id='word_1_54' title='bbox 266 1179 513 1248; x_wconf 86' lang='lat' dir='ltr'><strong>exomnibus</strong></span> <span class='ocrx_word' id='word_1_55' title='bbox 536 1177 733 1270; x_wconf 81' lang='lat' dir='ltr'><strong>Norvegiae</strong></span> <span class='ocrx_word' id='word_1_56' title='bbox 757 1179 944 1271; x_wconf 82' lang='lat' dir='ltr'><strong>praefectis</strong></span> <span class='ocrx_word' id='word_1_57' title='bbox 972 1186 1072 1253; x_wconf 87' lang='lat' dir='ltr'><strong>solus</strong></span> 
     </span>
     <span class='ocr_line' id='line_1_10' title="bbox 8 1276 1073 1372; baseline 0.013 -34"><span class='ocrx_word' id='word_1_58' title='bbox 8 1313 9 1338; x_wconf 79' lang='lat' dir='ltr'><strong>t</strong></span> <span class='ocrx_word' id='word_1_59' title='bbox 74 1276 172 1364; x_wconf 85' lang='lat' dir='ltr'><strong>fuit,</strong></span> <span class='ocrx_word' id='word_1_60' title='bbox 205 1276 271 1369; x_wconf 91' lang='lat' dir='ltr'><strong>qui</strong></span> <span class='ocrx_word' id='word_1_61' title='bbox 297 1280 338 1348; x_wconf 89' lang='lat' dir='ltr'><strong>in</strong></span> <span class='ocrx_word' id='word_1_62' title='bbox 364 1281 522 1372; x_wconf 84' lang='lat' dir='ltr'><strong>gratiam</strong></span> <span class='ocrx_word' id='word_1_63' title='bbox 548 1299 641 1348; x_wconf 84' lang='lat' dir='ltr'><strong>cum</strong></span> <span class='ocrx_word' id='word_1_64' title='bbox 666 1279 849 1370; x_wconf 78' lang='lat' dir='ltr'><strong>dynastis,</strong></span> <span class='ocrx_word' id='word_1_65' title='bbox 881 1277 1008 1353; x_wconf 86' lang='lat' dir='ltr'><strong>Eiriko</strong></span> <span class='ocrx_word' id='word_1_66' title='bbox 1034 1295 1073 1352; x_wconf 87' lang='lat' dir='ltr'><strong>et</strong></span> 
     </span>
     <span class='ocr_line' id='line_1_11' title="bbox 8 1377 1070 1469; baseline 0.011 -29"><span class='ocrx_word' id='word_1_67' title='bbox 8 1437 9 1440; x_wconf 74' lang='grc'>,</span> <span class='ocrx_word' id='word_1_68' title='bbox 75 1377 247 1466; x_wconf 80' lang='lat' dir='ltr'><strong>Steine,</strong></span> <span class='ocrx_word' id='word_1_69' title='bbox 287 1401 416 1448; x_wconf 79' lang='lat' dir='ltr'><strong>rerunt</strong></span> <span class='ocrx_word' id='word_1_70' title='bbox 441 1377 756 1469; x_wconf 82' lang='lat' dir='ltr'><strong>potitis,..tedire</strong></span> <span class='ocrx_word' id='word_1_71' title='bbox 785 1401 863 1450; x_wconf 89' lang='lat' dir='ltr'><strong>non</strong></span> <span class='ocrx_word' id='word_1_72' title='bbox 890 1387 1070 1454; x_wconf 83' lang='lat' dir='ltr'><strong>studeret.</strong></span> 
     </span>
     <span class='ocr_line' id='line_1_12' title="bbox 73 1478 1074 1572; baseline 0.004 -23"><span class='ocrx_word' id='word_1_73' title='bbox 73 1478 236 1549; x_wconf 84' lang='lat' dir='ltr'><strong>Eirikus</strong></span> <span class='ocrx_word' id='word_1_74' title='bbox 250 1502 339 1548; x_wconf 87' lang='lat' dir='ltr'><strong>vero</strong></span> <span class='ocrx_word' id='word_1_75' title='bbox 357 1479 522 1572; x_wconf 85' lang='lat' dir='ltr'><strong>dynasta,</strong></span> <span class='ocrx_word' id='word_1_76' title='bbox 545 1499 634 1546; x_wconf 86' lang='lat' dir='ltr'><strong>cum</strong></span> <span class='ocrx_word' id='word_1_77' title='bbox 650 1479 856 1571; x_wconf 88' lang='lat' dir='ltr'><strong>imperium</strong></span> <span class='ocrx_word' id='word_1_78' title='bbox 874 1505 987 1554; x_wconf 87' lang='lat' dir='ltr'><strong>suum</strong></span> <span class='ocrx_word' id='word_1_79' title='bbox 1002 1499 1074 1553; x_wconf 85' lang='lat' dir='ltr'><strong>sta·</strong></span> 
     </span>
     <span class='ocr_line' id='line_1_13' title="bbox 8 1578 1073 1673; baseline 0.006 -25"><span class='ocrx_word' id='word_1_80' title='bbox 8 1627 10 1662; x_wconf 69' lang='lat'><strong>,</strong></span> <span class='ocrx_word' id='word_1_81' title='bbox 73 1578 284 1670; x_wconf 87' lang='lat' dir='ltr'><strong>bilivisset,</strong></span> <span class='ocrx_word' id='word_1_82' title='bbox 299 1595 354 1648; x_wconf 82' lang='lat' dir='ltr'><strong>et</strong></span> <span class='ocrx_word' id='word_1_83' title='bbox 374 1581 607 1673; x_wconf 88' lang='lat' dir='ltr'><strong>potentiores</strong></span> <span class='ocrx_word' id='word_1_84' title='bbox 631 1582 895 1672; x_wconf 87' lang='lat' dir='ltr'><strong>populumque</strong></span> <span class='ocrx_word' id='word_1_85' title='bbox 921 1587 1073 1658; x_wconf 84' lang='lat' dir='ltr'><strong>univer-</strong></span> 
     </span>
     <span class='ocr_line' id='line_1_14' title="bbox 73 1679 1073 1777; baseline 0.008 -31"><span class='ocrx_word' id='word_1_86' title='bbox 73 1701 164 1748; x_wconf 86' lang='lat' dir='ltr'><strong>sum</strong></span> <span class='ocrx_word' id='word_1_87' title='bbox 192 1680 267 1750; x_wconf 85' lang='lat' dir='ltr'><strong>fide</strong></span> <span class='ocrx_word' id='word_1_88' title='bbox 287 1694 438 1772; x_wconf 83' lang='lat' dir='ltr'><strong>accepta</strong></span> <span class='ocrx_word' id='word_1_89' title='bbox 461 1679 717 1768; x_wconf 75' lang='lat' dir='ltr'><strong>devinxisset,</strong></span> <span class='ocrx_word' id='word_1_90' title='bbox 732 1679 966 1777; x_wconf 84' lang='lat' dir='ltr'><strong>indignatus,</strong></span> <span class='ocrx_word' id='word_1_91' title='bbox 991 1697 1073 1754; x_wconf 88' lang='lat' dir='ltr'><strong>tan-</strong></span> 
     </span>
     <span class='ocr_line' id='line_1_15' title="bbox 74 1777 1160 1877; baseline 0.006 -29"><span class='ocrx_word' id='word_1_92' title='bbox 74 1795 160 1850; x_wconf 88' lang='lat' dir='ltr'><strong>tam</strong></span> <span class='ocrx_word' id='word_1_93' title='bbox 183 1803 263 1852; x_wconf 87' lang='lat' dir='ltr'><strong>esse</strong></span> <span class='ocrx_word' id='word_1_94' title='bbox 285 1780 437 1876; x_wconf 80' lang='lat' dir='ltr'><strong>Erlingo</strong></span> <span class='ocrx_word' id='word_1_95' title='bbox 456 1777 595 1871; x_wconf 82' lang='lat' dir='ltr'><strong>Sltjalgi</strong></span> <span class='ocrx_word' id='word_1_96' title='bbox 618 1779 697 1848; x_wconf 79' lang='lat' dir='ltr'><strong>silio</strong></span> <span class='ocrx_word' id='word_1_97' title='bbox 716 1777 915 1870; x_wconf 86' lang='lat' dir='ltr'><strong>ditionem,</strong></span> <span class='ocrx_word' id='word_1_98' title='bbox 940 1805 1072 1854; x_wconf 85' lang='lat' dir='ltr'><strong>omnes</strong></span> <span class='ocrx_word' id='word_1_99' title='bbox 1156 1865 1160 1877; x_wconf 27' lang='grc'>1</span> 
     </span>
     <span class='ocr_line' id='line_1_16' title="bbox 73 1876 1072 1976; baseline 0.002 -26"><span class='ocrx_word' id='word_1_100' title='bbox 73 1883 206 1976; x_wconf 82' lang='lat' dir='ltr'><strong>regios</strong></span> <span class='ocrx_word' id='word_1_101' title='bbox 222 1881 399 1971; x_wconf 80' lang='lat' dir='ltr'><strong>raditu&#39;s¹,</strong></span> <span class='ocrx_word' id='word_1_102' title='bbox 429 1903 522 1972; x_wconf 88' lang='lat' dir='ltr'><strong>quos</strong></span> <span class='ocrx_word' id='word_1_103' title='bbox 542 1901 608 1948; x_wconf 81' lang='lat' dir='ltr'><strong>tex</strong></span> <span class='ocrx_word' id='word_1_104' title='bbox 625 1876 767 1950; x_wconf 75' lang='lat' dir='ltr'><strong>&#39;Olavus</strong></span> <span class='ocrx_word' id='word_1_105' title='bbox 781 1881 936 1974; x_wconf 83' lang='lat' dir='ltr'><strong>Erlingo</strong></span> <span class='ocrx_word' id='word_1_106' title='bbox 958 1885 1072 1954; x_wconf 85' lang='lat' dir='ltr'><strong>tradi·</strong></span> 
     </span>
     <span class='ocr_line' id='line_1_17' title="bbox 75 1979 1072 2076; baseline 0.003 -26"><span class='ocrx_word' id='word_1_107' title='bbox 75 1982 206 2070; x_wconf 88' lang='lat' dir='ltr'><strong>derat,</strong></span> <span class='ocrx_word' id='word_1_108' title='bbox 237 1983 329 2052; x_wconf 84' lang='lat' dir='ltr'><strong>fisco</strong></span> <span class='ocrx_word' id='word_1_109' title='bbox 353 2005 421 2052; x_wconf 89' lang='lat' dir='ltr'><strong>suo</strong></span> <span class='ocrx_word' id='word_1_110' title='bbox 450 1979 599 2050; x_wconf 83' lang='lat' dir='ltr'><strong>addixit.</strong></span> <span class='ocrx_word' id='word_1_111' title='bbox 659 1979 835 2076; x_wconf 85' lang='lat' dir='ltr'><strong>Erlingus</strong></span> <span class='ocrx_word' id='word_1_112' title='bbox 861 1999 990 2052; x_wconf 86' lang='lat' dir='ltr'><strong>autem</strong></span> <span class='ocrx_word' id='word_1_113' title='bbox 1014 1985 1072 2052; x_wconf 86' lang='lat' dir='ltr'><strong>ni·</strong></span> 
     </span>
     <span class='ocr_line' id='line_1_18' title="bbox 74 2081 1071 2171; baseline 0 -20"><span class='ocrx_word' id='word_1_114' title='bbox 74 2082 160 2151; x_wconf 86' lang='lat' dir='ltr'><strong>hilo</strong></span> <span class='ocrx_word' id='word_1_115' title='bbox 185 2082 516 2152; x_wconf 85' lang='lat' dir='ltr'><strong>seciusmercedes</strong></span> <span class='ocrx_word' id='word_1_116' title='bbox 533 2103 578 2147; x_wconf 84' lang='lat' dir='ltr'><strong>ex</strong></span> <span class='ocrx_word' id='word_1_117' title='bbox 596 2081 747 2171; x_wconf 88' lang='lat' dir='ltr'><strong>praediis</strong></span> <span class='ocrx_word' id='word_1_118' title='bbox 765 2101 835 2170; x_wconf 86' lang='lat' dir='ltr'><strong>per</strong></span> <span class='ocrx_word' id='word_1_119' title='bbox 852 2094 973 2152; x_wconf 87' lang='lat' dir='ltr'><strong>totam</strong></span> <span class='ocrx_word' id='word_1_120' title='bbox 997 2087 1071 2156; x_wconf 87' lang='lat' dir='ltr'><strong>Ro·</strong></span> 
     </span>
     <span class='ocr_line' id='line_1_19' title="bbox 8 2181 1071 2277; baseline 0.005 -28"><span class='ocrx_word' id='word_1_121' title='bbox 8 2215 9 2220; x_wconf 12' lang='grc' dir='ltr'><strong>κ</strong></span> <span class='ocrx_word' id='word_1_122' title='bbox 76 2183 299 2276; x_wconf 79' lang='lat' dir='ltr'><strong>galandiam</strong></span> <span class='ocrx_word' id='word_1_123' title='bbox 313 2185 508 2277; x_wconf 79' lang='lat' dir='ltr'><strong>exigebat,</strong></span> <span class='ocrx_word' id='word_1_124' title='bbox 531 2205 646 2272; x_wconf 87' lang='lat' dir='ltr'><strong>quare</strong></span> <span class='ocrx_word' id='word_1_125' title='bbox 669 2181 795 2251; x_wconf 92' lang='lat' dir='ltr'><strong>coloni</strong></span> <span class='ocrx_word' id='word_1_126' title='bbox 818 2204 919 2272; x_wconf 84' lang='lat' dir='ltr'><strong>saepe</strong></span> <span class='ocrx_word' id='word_1_127' title='bbox 946 2185 1071 2254; x_wconf 88' lang='lat' dir='ltr'><strong>coacti</strong></span> 
     </span>
     <span class='ocr_line' id='line_1_20' title="bbox 74 2282 1071 2373; baseline 0.006 -25"><span class='ocrx_word' id='word_1_128' title='bbox 74 2297 172 2352; x_wconf 89' lang='lat' dir='ltr'><strong>sunt</strong></span> <span class='ocrx_word' id='word_1_129' title='bbox 206 2305 275 2373; x_wconf 90' lang='lat' dir='ltr'><strong>per</strong></span> <span class='ocrx_word' id='word_1_130' title='bbox 302 2284 422 2353; x_wconf 82' lang='lat' dir='ltr'><strong>totam</strong></span> <span class='ocrx_word' id='word_1_131' title='bbox 447 2283 717 2372; x_wconf 76' lang='lat' dir='ltr'><strong>Rogalandiam</strong></span> <span class='ocrx_word' id='word_1_132' title='bbox 741 2282 826 2352; x_wconf 90' lang='lat' dir='ltr'><strong>bina</strong></span> <span class='ocrx_word' id='word_1_133' title='bbox 851 2305 896 2352; x_wconf 89' lang='lat' dir='ltr'><strong>ex</strong></span> <span class='ocrx_word' id='word_1_134' title='bbox 921 2285 1071 2373; x_wconf 76' lang='lat' dir='ltr'><strong>prediis</strong></span> 
     </span>
     <span class='ocr_line' id='line_1_21' title="bbox 9 2383 1071 2476; baseline 0.006 -28"><span class='ocrx_word' id='word_1_135' title='bbox 9 2435 10 2448; x_wconf 28' lang='lat' dir='ltr'><strong>t</strong></span> <span class='ocrx_word' id='word_1_136' title='bbox 74 2384 284 2476; x_wconf 82' lang='lat' dir='ltr'><strong>vectigalia</strong></span> <span class='ocrx_word' id='word_1_137' title='bbox 301 2385 485 2475; x_wconf 84' lang='lat' dir='ltr'><strong>pendere,</strong></span> <span class='ocrx_word' id='word_1_138' title='bbox 511 2384 666 2472; x_wconf 84' lang='lat' dir='ltr'><strong>Etlingo</strong></span> <span class='ocrx_word' id='word_1_139' title='bbox 690 2383 859 2473; x_wconf 83' lang='lat' dir='ltr'><strong>alioquin</strong></span> <span class='ocrx_word' id='word_1_140' title='bbox 881 2395 987 2454; x_wconf 87' lang='lat' dir='ltr'><strong>rura²</strong></span> <span class='ocrx_word' id='word_1_141' title='bbox 1009 2386 1071 2454; x_wconf 85' lang='lat' dir='ltr'><strong>de·</strong></span> 
     </span>
     <span class='ocr_line' id='line_1_22' title="bbox 9 2483 1068 2574; baseline 0.004 -24"><span class='ocrx_word' id='word_1_142' title='bbox 9 2483 11 2540; x_wconf 68' lang='lat' dir='ltr'><strong>i</strong></span> <span class='ocrx_word' id='word_1_143' title='bbox 74 2496 275 2565; x_wconf 81' lang='lat' dir='ltr'><strong>vastante3</strong></span> <span class='ocrx_word' id='word_1_144' title='bbox 313 2486 399 2566; x_wconf 85' lang='lat' dir='ltr'><strong>heic</strong></span> <span class='ocrx_word' id='word_1_145' title='bbox 421 2505 649 2574; x_wconf 79' lang='lat' dir='ltr'><strong>quoqueex</strong></span> <span class='ocrx_word' id='word_1_146' title='bbox 676 2485 807 2552; x_wconf 79' lang='lat' dir='ltr'><strong>multis</strong></span> <span class='ocrx_word' id='word_1_147' title='bbox 841 2485 1068 2574; x_wconf 84' lang='lat' dir='ltr'><strong>pecuniariis</strong></span> 
     </span>
     <span class='ocr_line' id='line_1_23' title="bbox 9 2583 1070 2676; baseline 0.006 -26"><span class='ocrx_word' id='word_1_148' title='bbox 9 2583 11 2600; x_wconf 79' lang='lat'><em>&#39;</em></span> <span class='ocrx_word' id='word_1_149' title='bbox 74 2605 219 2673; x_wconf 86' lang='lat' dir='ltr'><strong>parum</strong></span> <span class='ocrx_word' id='word_1_150' title='bbox 246 2586 371 2658; x_wconf 87' lang='lat' dir='ltr'><strong>Eiriko</strong></span> <span class='ocrx_word' id='word_1_151' title='bbox 396 2584 556 2676; x_wconf 83' lang='lat' dir='ltr'><strong>dynastae</strong></span> <span class='ocrx_word' id='word_1_152' title='bbox 581 2583 744 2671; x_wconf 87' lang='lat' dir='ltr'><strong>redibat,</strong></span> <span class='ocrx_word' id='word_1_153' title='bbox 784 2601 1070 2674; x_wconf 84' lang='lat' dir='ltr'><strong>cumpraetores</strong></span> 
     </span>
     <span class='ocr_line' id='line_1_24' title="bbox 9 2684 1069 2776; baseline 0.002 -24"><span class='ocrx_word' id='word_1_154' title='bbox 9 2685 11 2758; x_wconf 59' lang='grc' dir='ltr'><strong>ᾗ</strong></span> <span class='ocrx_word' id='word_1_155' title='bbox 74 2686 131 2752; x_wconf 88' lang='lat' dir='ltr'><strong>ibi</strong></span> <span class='ocrx_word' id='word_1_156' title='bbox 148 2707 263 2754; x_wconf 89' lang='lat' dir='ltr'><strong>suam</strong></span> <span class='ocrx_word' id='word_1_157' title='bbox 275 2686 538 2754; x_wconf 86' lang='lat' dir='ltr'><strong>auctoritatem</strong></span> <span class='ocrx_word' id='word_1_158' title='bbox 555 2684 655 2752; x_wconf 86' lang='lat' dir='ltr'><strong>tueri</strong></span> <span class='ocrx_word' id='word_1_159' title='bbox 669 2706 744 2752; x_wconf 92' lang='lat' dir='ltr'><strong>non</strong></span> <span class='ocrx_word' id='word_1_160' title='bbox 755 2699 926 2774; x_wconf 77' lang='lat' dir='ltr'><strong>possent5</strong></span> <span class='ocrx_word' id='word_1_161' title='bbox 941 2707 1069 2776; x_wconf 77' lang='lat' dir='ltr'><strong>quate</strong></span> 
     </span>
     <span class='ocr_line' id='line_1_25' title="bbox 9 2785 1069 2879; baseline -0.003 -21"><span class='ocrx_word' id='word_1_162' title='bbox 9 2833 10 2858; x_wconf 80' lang='lat' dir='ltr'><strong>t</strong></span> <span class='ocrx_word' id='word_1_163' title='bbox 75 2785 239 2874; x_wconf 86' lang='lat' dir='ltr'><strong>dynasta</strong></span> <span class='ocrx_word' id='word_1_164' title='bbox 256 2808 334 2854; x_wconf 88' lang='lat' dir='ltr'><strong>non</strong></span> <span class='ocrx_word' id='word_1_165' title='bbox 353 2787 428 2856; x_wconf 89' lang='lat' dir='ltr'><strong>nisi</strong></span> <span class='ocrx_word' id='word_1_166' title='bbox 445 2807 583 2879; x_wconf 83' lang='lat' dir='ltr'><strong>magno</strong></span> <span class='ocrx_word' id='word_1_167' title='bbox 604 2785 762 2874; x_wconf 87' lang='lat' dir='ltr'><strong>stipatus</strong></span> <span class='ocrx_word' id='word_1_168' title='bbox 781 2785 964 2852; x_wconf 84' lang='lat' dir='ltr'><strong>comitatu</strong></span> <span class='ocrx_word' id='word_1_169' title='bbox 982 2809 1069 2855; x_wconf 86' lang='lat' dir='ltr'><strong>con·</strong></span> 
     </span>
     <span class='ocr_line' id='line_1_26' title="bbox 75 2883 1066 2980; baseline 0.001 -29"><span class='ocrx_word' id='word_1_170' title='bbox 75 2886 180 2954; x_wconf 89' lang='lat' dir='ltr'><strong>vivia</strong></span> <span class='ocrx_word' id='word_1_171' title='bbox 204 2885 341 2954; x_wconf 90' lang='lat' dir='ltr'><strong>obibat.</strong></span> <span class='ocrx_word' id='word_1_172' title='bbox 396 2889 519 2980; x_wconf 85' lang='lat' dir='ltr'><strong>Quam</strong></span> <span class='ocrx_word' id='word_1_173' title='bbox 536 2908 617 2952; x_wconf 88' lang='lat' dir='ltr'><strong>tem</strong></span> <span class='ocrx_word' id='word_1_174' title='bbox 641 2896 827 2953; x_wconf 87' lang='lat' dir='ltr'><strong>memorat</strong></span> <span class='ocrx_word' id='word_1_175' title='bbox 847 2883 1066 2979; x_wconf 84' lang='lat' dir='ltr'><strong>Sighvatus:</strong></span> 
     </span>
    </p>

    <p class='ocr_par' dir='ltr' id='par_1_3' title="bbox 183 2976 665 3080">
     <span class='ocr_line' id='line_1_27' title="bbox 183 2976 665 3080; baseline 0 -28"><span class='ocrx_word' id='word_1_176' title='bbox 183 2985 221 3053; x_wconf 92' lang='lat' dir='ltr'><strong>Is</strong></span> <span class='ocrx_word' id='word_1_177' title='bbox 235 2985 309 3053; x_wconf 82' lang='lat' dir='ltr'><strong>fuit</strong></span> <span class='ocrx_word' id='word_1_178' title='bbox 329 2987 403 3058; x_wconf 84' lang='lat' dir='ltr'><strong>Er]</strong></span> <span class='ocrx_word' id='word_1_179' title='bbox 395 3009 521 3080; x_wconf 80' lang='lat' dir='ltr'><strong>mgna,</strong></span> <span class='ocrx_word' id='word_1_180' title='bbox 546 2976 665 3054; x_wconf 83' lang='lat' dir='ltr'><strong>affinis</strong></span> 
     </span>
    </p>

    <p class='ocr_par' dir='ltr' id='par_1_4' title="bbox 186 3079 1001 3182">
     <span class='ocr_line' id='line_1_28' title="bbox 186 3079 1001 3182; baseline 0.001 -28"><span class='ocrx_word' id='word_1_181' title='bbox 186 3089 360 3178; x_wconf 81' lang='lat' dir='ltr'><strong>generosi</strong></span> <span class='ocrx_word' id='word_1_182' title='bbox 379 3087 486 3156; x_wconf 91' lang='lat' dir='ltr'><strong>Olavi</strong></span> <span class='ocrx_word' id='word_1_183' title='bbox 505 3082 756 3182; x_wconf 77' lang='lat' dir='ltr'><strong>Tryggvide,</strong></span> <span class='ocrx_word' id='word_1_184' title='bbox 765 3079 845 3173; x_wconf 93' lang='lat' dir='ltr'><strong>qui</strong></span> <span class='ocrx_word' id='word_1_185' title='bbox 850 3097 1001 3178; x_wconf 83' lang='lat' dir='ltr'><strong>metum</strong></span> 
     </span>
    </p>

    <p class='ocr_par' dir='ltr' id='par_1_5' title="bbox 186 3183 978 3274">
     <span class='ocr_line' id='line_1_29' title="bbox 186 3183 978 3274; baseline -0.008 -20"><span class='ocrx_word' id='word_1_186' title='bbox 186 3187 380 3255; x_wconf 89' lang='lat' dir='ltr'><strong>incuteret</strong></span> <span class='ocrx_word' id='word_1_187' title='bbox 399 3189 638 3274; x_wconf 85' lang='lat' dir='ltr'><strong>Satraparum</strong></span> <span class='ocrx_word' id='word_1_188' title='bbox 654 3183 818 3271; x_wconf 81' lang='lat' dir='ltr'><strong>familiae,</strong></span> <span class='ocrx_word' id='word_1_189' title='bbox 973 3260 978 3268; x_wconf 33' lang='grc'>,</span> 
     </span>
    </p>

    <p class='ocr_par' dir='ltr' id='par_1_6' title="bbox 186 3283 914 3377">
     <span class='ocr_line' id='line_1_30' title="bbox 186 3283 914 3377; baseline 0 -23"><span class='ocrx_word' id='word_1_190' title='bbox 186 3288 368 3377; x_wconf 86' lang='lat' dir='ltr'><strong>qualem</strong></span> <span class='ocrx_word' id='word_1_191' title='bbox 358 3300 530 3356; x_wconf 75' lang='lat' dir='ltr'><strong>incutere</strong></span> <span class='ocrx_word' id='word_1_192' title='bbox 548 3303 612 3354; x_wconf 84' lang='lat' dir='ltr'><strong>rex</strong></span> <span class='ocrx_word' id='word_1_193' title='bbox 630 3305 708 3352; x_wconf 87' lang='lat' dir='ltr'><strong>non</strong></span> <span class='ocrx_word' id='word_1_194' title='bbox 722 3283 914 3374; x_wconf 83' lang='lat' dir='ltr'><strong>potuisset.</strong></span> 
     </span>
    </p>

    <p class='ocr_par' dir='ltr' id='par_1_7' title="bbox 186 3388 777 3458">
     <span class='ocr_line' id='line_1_31' title="bbox 186 3388 777 3458; baseline -0.014 0"><span class='ocrx_word' id='word_1_195' title='bbox 186 3388 339 3458; x_wconf 90' lang='lat' dir='ltr'><strong>Deinde</strong></span> <span class='ocrx_word' id='word_1_196' title='bbox 356 3388 586 3456; x_wconf 77' lang='lat' dir='ltr'><strong>rusticorum</strong></span> <span class='ocrx_word' id='word_1_197' title='bbox 600 3399 777 3454; x_wconf 87' lang='lat' dir='ltr'><strong>strenuus</strong></span> 
     </span>
    </p>

    <p class='ocr_par' dir='ltr' id='par_1_8' title="bbox 186 3487 864 3557">
     <span class='ocr_line' id='line_1_32' title="bbox 186 3487 806 3557; baseline -0.006 -2"><span class='ocrx_word' id='word_1_198' title='bbox 186 3487 365 3556; x_wconf 89' lang='lat' dir='ltr'><strong>dominus</strong></span> <span class='ocrx_word' id='word_1_199' title='bbox 383 3489 494 3557; x_wconf 87' lang='lat' dir='ltr'><strong>aliam</strong></span> <span class='ocrx_word' id='word_1_200' title='bbox 511 3497 619 3555; x_wconf 80' lang='lat' dir='ltr'><strong>suant</strong></span> <span class='ocrx_word' id='word_1_201' title='bbox 637 3507 806 3554; x_wconf 83' lang='lat' dir='ltr'><strong>sororem</strong></span> 
     </span>
    </p>

    <p class='ocr_par' dir='ltr' id='par_1_9' title="bbox 187 3587 735 3682">
     <span class='ocr_line' id='line_1_33' title="bbox 187 3587 735 3682; baseline -0.005 -26"><span class='ocrx_word' id='word_1_202' title='bbox 187 3587 294 3656; x_wconf 89' lang='lat' dir='ltr'><strong>dedit</strong></span> <span class='ocrx_word' id='word_1_203' title='bbox 319 3587 537 3682; x_wconf 76' lang='lat' dir='ltr'><strong>Rdgnvaldo</strong></span> <span class='ocrx_word' id='word_1_204' title='bbox 554 3602 735 3676; x_wconf 73' lang='lat' dir='ltr'><strong>nuptumt</strong></span> 
     </span>
    </p>

    <p class='ocr_par' dir='ltr' id='par_1_10' title="bbox 185 3683 835 3780">
     <span class='ocr_line' id='line_1_34' title="bbox 185 3683 835 3780; baseline -0.002 -22"><span class='ocrx_word' id='word_1_205' title='bbox 185 3689 230 3758; x_wconf 92' lang='lat' dir='ltr'><strong>id</strong></span> <span class='ocrx_word' id='word_1_206' title='bbox 251 3688 353 3757; x_wconf 89' lang='lat' dir='ltr'><strong>vobis</strong></span> <span class='ocrx_word' id='word_1_207' title='bbox 373 3690 525 3758; x_wconf 83' lang='lat' dir='ltr'><strong>fortuna</strong></span> <span class='ocrx_word' id='word_1_208' title='bbox 537 3685 710 3780; x_wconf 89' lang='lat' dir='ltr'><strong>perennis</strong></span> <span class='ocrx_word' id='word_1_209' title='bbox 730 3683 835 3757; x_wconf 79' lang='lat' dir='ltr'><strong>fuit’.</strong></span> 
     </span>
    </p>
   </div>
   <div class='ocr_carea' id='block_1_3' title="bbox 78 3793 351 3812">
    <p class='ocr_par' dir='ltr' id='par_1_11' title="bbox 78 3793 351 3812">
     <span class='ocr_line' id='line_1_35' title="bbox 78 3793 351 3812; baseline -0.011 -2"><span class='ocrx_word' id='word_1_210' title='bbox 78 3793 351 3812; x_wconf 60' lang='grc' dir='ltr'>*ΙΙΙ-..ρ</span> 
     </span>
    </p>
   </div>
   <div class='ocr_carea' id='block_1_4' title="bbox 77 3810 1070 4068">
    <p class='ocr_par' dir='ltr' id='par_1_12' title="bbox 77 3810 1070 4068">
     <span class='ocr_line' id='line_1_36' title="bbox 121 3810 1070 3890; baseline -0.006 -18"><span class='ocrx_word' id='word_1_211' title='bbox 121 3819 154 3872; x_wconf 68' lang='lat'><strong>¹)</strong></span> <span class='ocrx_word' id='word_1_212' title='bbox 174 3819 208 3870; x_wconf 75' lang='lat' dir='ltr'><strong>ok</strong></span> <span class='ocrx_word' id='word_1_213' title='bbox 228 3821 321 3890; x_wconf 77' lang='lat' dir='ltr'><strong>eignz&#39;r,</strong></span> <span class='ocrx_word' id='word_1_214' title='bbox 340 3832 365 3872; x_wconf 90' lang='lat' dir='ltr'><strong>et</strong></span> <span class='ocrx_word' id='word_1_215' title='bbox 380 3821 565 3889; x_wconf 86' lang='lat' dir='ltr'><strong>possessiones,</strong></span> <span class='ocrx_word' id='word_1_216' title='bbox 585 3816 645 3868; x_wconf 83' lang='lat' dir='ltr'><strong>add.</strong></span> <span class='ocrx_word' id='word_1_217' title='bbox 665 3817 696 3882; x_wconf 79' lang='lat' dir='ltr'><strong>tt,</strong></span> <span class='ocrx_word' id='word_1_218' title='bbox 715 3813 746 3868; x_wconf 83' lang='lat' dir='ltr'><strong>G.</strong></span> <span class='ocrx_word' id='word_1_219' title='bbox 790 3810 1070 3888; x_wconf 70' lang='lat' dir='ltr'><strong>²)p&#39;ord&#39;adygglngita</strong></span> 
     </span>
     <span class='ocr_line' id='line_1_37' title="bbox 77 3905 1069 3986; baseline 0.002 -27"><span class='ocrx_word' id='word_1_220' title='bbox 77 3912 110 3964; x_wconf 86' lang='lat' dir='ltr'><strong>B.</strong></span> <span class='ocrx_word' id='word_1_221' title='bbox 134 3927 161 3960; x_wconf 82' lang='lat' dir='ltr'><strong>a:</strong></span> <span class='ocrx_word' id='word_1_222' title='bbox 194 3911 233 3960; x_wconf 84' lang='lat' dir='ltr'><strong>ita</strong></span> <span class='ocrx_word' id='word_1_223' title='bbox 259 3920 288 3960; x_wconf 87' lang='lat' dir='ltr'><strong>nt</strong></span> <span class='ocrx_word' id='word_1_224' title='bbox 304 3909 388 3960; x_wconf 88' lang='lat' dir='ltr'><strong>incoli</strong></span> <span class='ocrx_word' id='word_1_225' title='bbox 405 3928 460 3961; x_wconf 89' lang='lat' dir='ltr'><strong>non</strong></span> <span class='ocrx_word' id='word_1_226' title='bbox 476 3920 598 3986; x_wconf 74' lang='lat' dir='ltr'><strong>possent3</strong></span> <span class='ocrx_word' id='word_1_227' title='bbox 615 3905 835 3982; x_wconf 77' lang='lat' dir='ltr'><strong>Jatartygoina,</strong></span> <span class='ocrx_word' id='word_1_228' title='bbox 856 3918 965 3960; x_wconf 77' lang='lat' dir='ltr'><strong>tractum</strong></span> <span class='ocrx_word' id='word_1_229' title='bbox 988 3905 1069 3958; x_wconf 67' lang='lat' dir='ltr'><strong>Inda-¹</strong></span> 
     </span>
     <span class='ocr_line' id='line_1_38' title="bbox 78 3990 248 4068; baseline -0.012 -16"><span class='ocrx_word' id='word_1_230' title='bbox 78 3990 197 4068; x_wconf 74' lang='lat' dir='ltr'><strong>rensem,</strong></span> <span class='ocrx_word' id='word_1_231' title='bbox 218 3998 248 4053; x_wconf 87' lang='lat' dir='ltr'><strong>C.</strong></span> 
     </span>
    </p>
   </div>
   <div class='ocr_carea' id='block_1_5' title="bbox 122 4083 1067 4233">
    <p class='ocr_par' dir='ltr' id='par_1_13' title="bbox 122 4083 1067 4233">
     <span class='ocr_line' id='line_1_39' title="bbox 122 4083 1067 4233; baseline -0.003 -90"><span class='ocrx_word' id='word_1_232' title='bbox 122 4089 157 4164; x_wconf 79' lang='lat'><strong>3)</strong></span> <span class='ocrx_word' id='word_1_233' title='bbox 179 4091 272 4146; x_wconf 84' lang='lat' dir='ltr'><strong>Ordo:</strong></span> <span class='ocrx_word' id='word_1_234' title='bbox 296 4093 415 4166; x_wconf 80' lang='lat' dir='ltr'><strong>Erlr&#39;rrgr,</strong></span> <span class='ocrx_word' id='word_1_235' title='bbox 452 4093 527 4166; x_wconf 74' lang='lat' dir='ltr'><strong>mrigr</strong></span> <span class='ocrx_word' id='word_1_236' title='bbox 536 4096 567 4163; x_wconf 85' lang='lat' dir='ltr'><strong>o)</strong></span> <span class='ocrx_word' id='word_1_237' title='bbox 584 4091 739 4172; x_wconf 71' lang='lat' dir='ltr'><strong>aldyggsb)</strong></span> <span class='ocrx_word' id='word_1_238' title='bbox 756 4089 834 4230; x_wconf 54' lang='grc' dir='ltr'><strong>Οἰας</strong></span> <span class='ocrx_word' id='word_1_239' title='bbox 852 4083 1067 4233; x_wconf 57' lang='grc' dir='ltr'><strong>ἷηςςυαεοηαν,</strong></span> 
     </span>
    </p>
   </div>
   <div class='ocr_carea' id='block_1_6' title="bbox 0 0 1302 4784">
    <p class='ocr_par' dir='ltr' id='par_1_14' title="bbox 0 0 1302 4784">
     <span class='ocr_line' id='line_1_40' title="bbox 0 0 1302 4784; baseline 0 1"><span class='ocrx_word' id='word_1_240' title='bbox 0 0 1302 4784; x_wconf 95' lang='lat' dir='ltr'><strong> </strong></span> 
     </span>
    </p>
   </div>
  </div>
 </body>
</html>
