2534 4778
270 216 359 305 132
559 215 843 291 αὖ
1030 247 1139 312 ιι-ιι
1141 249 1188 317 ιι.

199 461 280 530 rat3
305 411 437 513 deinde
468 433 513 509 eit
539 436 614 507 aede
634 415 886 534 egreditur,
874 439 952 526 1am
976 443 1191 538 suspicatus,

158 543 298 662 quid
320 543 588 618 Thorsteinem
603 538 838 624 tardavisset3
862 541 907 608 ad
926 543 1041 614 aedem
1060 549 1193 617 solita-

205 648 303 718 riam
326 663 568 756 progressus,
600 641 657 708 rei
690 655 799 734 gestae
830 643 985 737 vestigia
1018 647 1191 716 animad-

206 748 333 833 vertit,
357 745 432 813 duo
450 749 588 831 nempe
604 741 800 836 gigantum
820 742 991 812 cadavera
1006 744 1086 814 ibi
1073 770 1193 834 Jacen

205 851 283 935 tia,
306 843 577 919 Thorsteinem
599 861 688 908 vero
712 843 886 933 nuspiam
910 844 1020 913 videt.
1074 851 1193 940 Quare

208 961 403 1033 metuam,
427 967 476 1012 ne
501 943 543 1011 in
559 941 685 1031 aliquo
707 941 794 1011 vitae
812 941 1028 1014 discrimine
1051 949 1193 1016 consti-

207 1064 314 1120 tutus
329 1047 399 1134 sit,
421 1057 551 1112 votum
569 1041 727 1109 creatori
743 1043 828 1112 coeli
848 1058 886 1114 et
908 1057 1019 1115 terrae
1041 1069 1193 1116 nuncu-

209 1153 293 1242 p'at,
317 1149 348 1215 si
378 1169 421 1216 ea
446 1160 558 1214 nocte
586 1141 854 1212 Thorsteinem
874 1145 1041 1214 sodalem
1069 1145 1194 1217 vivum

211 1265 251 1320 et
280 1251 427 1317 salvum
458 1244 677 1334 reperisset,
712 1264 752 1310 se
777 1242 1001 1334 religionem
1034 1248 1079 1315 ab
1112 1269 1194 1342 rege

212 1353 329 1421 Olavo
347 1347 610 1416 annuntiatam
629 1345 915 1454 amplexurum
934 1345 1069 1415 deinde
1083 1347 1195 1418 aede'm

211 1455 401 1544 ingressus
441 1469 485 1516 eo
525 1443 651 1532 venit,
694 1447 772 1560 quq
800 1445 883 1514 loco
918 1447 1127 1516 Phor-stein
1159 1462 1194 1517 et

216 1548 631 1637 Skjaldvara'1acuere3
656 1545 811 1636 quaerit,
839 1547 976 1637 ecquid
999 1547 1195 1619 Thorstdin

196 1652 322 1742 'loqui
337 1650 483 1736 valeat,
504 1643 570 1714 ille
588 1665 674 1713 vero
695 1644 767 1713 hoc
795 1643 853 1738 [in
874 1669 979 1717 mora
1001 1671 1083 1717 non
1102 1660 1193 1718 esse¹

212 1748 444 1845 significans,
467 1748 584 1838 petit,
606 1760 651 1812 ut
665 1769 779 1835 opem
789 1747 867 1815 sibi
890 1748 1020 1817 ferat.
1049 1753 1195 1840 Appre-

211 1849 371 1924 hensam
395 1847 529 1918 deinde
560 1845 814 1930 Skjaldvaram
845 1829 997 1938 Styrkar
1028 1847 1194 1937 detrahit,

215 1959 289 2044 quo
306 1941 405 2018 fact'o
425 1947 629 2019 Thorstein
647 1948 790 2042 surgit,
811 1949 992 2022 membris
1018 1949 1172 2018 valde
1145 1973 1193 2018 rr-

214 2051 403 2147 gentibus,
428 2063 506 2117 tam
521 2047 726 2131 ‘conflictu
751 2071 865 2138 quem
888 2071 972 2117 cum
989 2049 1195 2144 gigantibus

214 2153 418 2238 habuerat,
454 2171 567 2239 quarn
592 2149 825 2236 amplexibus
846 2148 1088 2236 Skjaldvarae3
1120 2165 1195 2220 tum

219 2252 382 2324 cervices
397 2250 535 2320 vetulae
552 2247 774 2332 Skjaldvarae
790 2249 991 2345 frangunt,
1026 2251 1105 2320 tion
1125 2252 1195 2319 sine

218 2374 369 2422 summa
393 2348 633 2431 difficultate,
674 2350 775 2438 quod
805 2353 927 2418 cervix
954 2352 1035 2437 ejus
1061 2347 1197 2420 enormi

216 2453 292 2522 luit
309 2448 571 2519 crassitudine.¹
621 2451 702 2518 Jam
716 2449 920 2520 Thorstein
938 2452 1105 2542 Styrkari
1127 2475 1196 2521 om·

217 2555 302 2643 nia,
326 2573 408 2642 quae
429 2571 471 2618 ιιι
484 2549 623 2618 1t1nere
641 2571 710 2618 suo
735 2565 851 2642 gesta
868 2563 974 2620 erant
985 2553 1195 2642 ,exposuit

220 2653 292 2728 Cui
310 2647 482 2743 Sty'rkar.
510 2663 555 2718 tu
577 2649 634 2718 vir
655 2674 692 2719 es
713 2653 826 2720 rebus
851 2653 963 2746 gestis
993 2655 1135 2744 clarus,
1159 2664 1196 2718 ut

219 2745 309 2824 iero
330 2747 573 2822 simillimum
591 2752 658 2834 sit,
679 2751 815 2822 horum
834 2765 989 2822 tuorum
1013 2769 1197 2849 gestorum

218 2851 467 2939 memoriam,
495 2849 653 2942 quoad
636 2869 746 2920 terrae
758 2855 1082 2945 septemtrionales
1099 2854 1197 2924 inha-

217 2955 346 3024 bitatae
371 2951 466 3040 sint,
494 2949 725 3021 duraturam.
786 2957 889 3025 Tum
915 2973 1138 3024 coacervata
1151 2978 1197 3050 gr

219 3067 377 3146 gantum
397 3074 572 3143 corpora,
594 3053 794 3140 subjecto
784 3075 891 3149 1gne,
919 3056 1145 3124 comburunt
1165 3068 1197 3122 et

218 3155 260 3222 in
277 3156 422 3223 cineres
439 3153 632 3266 redigunt3
666 3167 741 3260 quo
766 3154 865 3222 iacto
894 3146 1012 3224 aedem
1041 3153 1196 3241 scrutati,

218 3251 369 3324 nullis
359 3243 522 3322 inventis
535 3253 647 3321 rebus
664 3253 862 3346 pretiosis,
886 3255 1042 3326 domum
1061 3259 1197 3330 Gimsas

219 3354 361 3424 reversi
378 3366 474 3424 sunt.
531 3356 636 3441 Haec,
659 3377 742 3442 quae
760 3369 861 3450 gesta
877 3371 997 3444 erant,
1012 3359 1109 3428 sama
1127 3378 1198 3447 pas·

213 3454 296 3524 ‘aim
317 3454 519 3550 divulgata,
543 3453 799 3547 graviorisqu'e
819 3460 1002 3528 momenti
1018 3459 1093 3528 visa
1108 3471 1195 3529 sunt.

286 3554 381 3625 Ivar
399 3554 665 3624 ‘Thorsteinem
680 3581 726 3623 ex
742 3582 780 3624 se
802 3551 938 3627 notram
956 3561 1140 3650 agnoscit.

273 3653 362 3744 Cap.
379 3662 430 3726 12.
484 3657 565 3725 Rex
584 3655 721 3724 Olavus
737 3657 777 3724 in
792 3656 933 3726 Hordia
953 3659 1123 3730 convivio
1140 3659 1197 3727 in-

224 3767 381 3839 tererat3
407 3755 483 3824 huo
496 3755 647 3849 Styrkar
664 3775 702 3824 et
716 3756 920 3828 Thorsteiu
935 3782 973 3829 se
997 3759 1196 3845 conferunt,

75 3918 79 3926 .
152 3901 153 3906 κ
224 3854 528 3948 regemadeunt,
553 3864 719 3948 eumque
738 3857 915 3928 salutant.
969 3864 1107 3931 Aderat
1123 3877 1197 3929 tum

100 3927 102 3931 v
160 4041 162 4046 ,
223 3976 376 4045 quoqne
390 3953 475 4025 Ivar
494 3956 702 4053 Splendor,
727 3972 833 4030 tanto
856 3961 955 4050 apud
980 3978 1108 4056 regem
1131 3960 1197 4028 ho-

264 4089 300 4154 ι)
315 4101 407 4140 varum
423 4101 488 4152 aare,
511 4085 543 4148 B,
566 4083 597 4150 C,
615 4085 647 4135 G.
733 4069 735 4074 ’
