2514 4782
65 277 124 344 dl·
411 309 679 324 ---—

309 389 315 416 l

67 484 230 559 curvaret,
252 489 393 564 ungues
406 489 494 538 vero
513 469 672 562 diruptis
694 468 859 539 vestibus
881 458 1033 560 penitus

66 575 179 646 inossa
194 585 460 663 penetrarent3
483 585 627 642 tumea
651 570 786 664 faciem
813 571 920 642 Ormi
942 590 1033 662 prae-

67 673 213 745 mordere
235 669 411 762 parabat,
445 673 511 740 ille
539 686 665 741 autem
687 671 731 743 de
753 671 874 742 salute
904 669 1034 764 despe-

68 798 152 860 rans,
173 773 298 863 ipsum
318 771 431 842 deum
449 786 488 842 et
511 789 683 843 sanctum
704 775 861 844 'Petrum
880 785 1036 866 aposto·-

68 878 130 945 lum
142 874 300 960 invocat,
321 895 474 963 vovens,
490 875 522 943 si
536 873 651 944 felem
668 889 705 943 et
723 875 896 946 Brusium
914 873 1036 943 lilium

69 975 378 1068 profligavisset,se
395 977 559 1046 Romam
575 976 730 1047 iturum.
786 974 1035 1049 Deindesen-
1093 983 1096 990 ’

68 1076 144 1144 tiens
163 1075 298 1144 Ormus
313 1073 409 1144 vires
427 1076 511 1148 selis
529 1075 664 1166 minui,
684 1079 801 1148 altere
816 1099 931 1146 manu
949 1074 1037 1144 lau-

71 1199 115 1245 ces
137 1176 234 1264 ejns,
274 1173 391 1246 alteru
411 1189 564 1272 tergum
585 1177 897 1272 comprehendit,
927 1173 1039 1266 supi-

71 1299 138 1345 nam
156 1277 241 1367 agit,
267 1289 304 1346 et
322 1290 473 1374 tergum
495 1276 687 1376 diilringit,
703 1281 829 1372 sicque
847 1275 1038 1348 mortuam

72 1375 235 1466 relinquit.
289 1376 393 1446 Tum
411 1375 548 1450 Ormns
572 1403 700 1474 sepem
717 1381 819 1452 videt
835 1394 1038 1474 pertrans-

20 1471 22 1564 Ι
73 1500 195 1545 versum
211 1492 363 1549 antrum
380 1479 649 1571 pertinentem,
677 1505 751 1576 qno
768 1483 868 1552 intro
886 1503 923 1549 se
942 1501 1037 1548 con-

72 1575 144 1659 lert3
167 1601 239 1668 quo
262 1601 349 1648 cum
369 1582 552 1669 venisset,
579 1583 681 1652 videt
696 1586 881 1678 spiculum
894 1583 1036 1676 ingens,

20 1689 22 1804 j
74 1691 264 1747 etcrassum
292 1694 330 1747 et
357 1682 535 1778 longum,
575 1699 642 1778 per
666 1707 792 1779 sepem
821 1685 899 1780 agia
939 1677 1040 1772 quod

75 1779 186 1850 Ormus
203 1801 321 1848 manu
346 1799 565 1876 correptum
594 1785 808 1855 declinavit.
875 1780 1038 1870 Bruslus,

20 1903 21 1940 r
75 1900 142 1948 curn
157 1881 341 1972 spiculum
363 1881 461 1952 adse
487 1887 680 1955 retrahere
705 1889 841 1978 vellet,
864 1881 1040 1970 sentiens,

20 2051 21 2058 χ
74 1977 335 2071 fixnmhaerere,
361 1987 527 2055 utnullo
547 1989 658 2060 modo
675 1987 806 2062 reduci
828 2002 959 2086 posset,
972 1983 1043 2052 ed-

20 2085 22 2174 i
75 2081 250 2150 miratione
268 2100 415 2175 captus,
463 2109 573 2182 supra
609 2113 739 2182 sepem
773 2085 1039 2183 prospectarit3

20 2201 21 2208 ¹
77 2181 156 2274 quod
178 2183 304 2252 videns
333 2186 489 2274 OrmuS,
542 2191 696 2268 barbam
726 2190 848 2268 Brusii
883 2201 1042 2278 utraque

75 2301 168 2348 manu
185 2285 443 2375 apprehendit,
461 2291 594 2360 Brnsio
611 2295 729 2366 altera
749 2289 1044 2390 parteobniten-
1080 2354 1082 2362 ,

20 2391 21 2402 ’
75 2392 122 2492 te,
154 2382 276 2473 sicque
295 2385 449 2480 utrique
475 2393 522 2461 ab
546 2407 709 2486 utroque
725 2395 823 2493 sepis
838 2391 954 2464 latere
970 2388 1044 2458 ob-

75 2491 185 2550 stinate
201 2483 446 2561 reluctantur.
502 2493 639 2564 Ormus
655 2516 813 2565 manum
830 2493 941 2562 barba
968 2489 1046 2560 cir-

77 2583 361 2674 cumplicaverat,
411 2615 572 2682 eamque
600 2609 705 2664 tanta
731 2597 767 2666 vi
791 2593 964 2680 attraxit,
1002 2599 1046 2659 ut

75 2691 177 2749 totum
195 2685 317 2754 barbae
335 2689 483 2781 locum,
512 2713 705 2786 mentum,
730 2711 909 2788 utrasque
928 2693 1046 2762 malus

76 2794 104 2894 tt
128 2785 272 2878 pulpam
297 2812 500 2884 generum,
548 2795 701 2868 aurium
729 2811 860 2886 tenus,
896 2794 1046 2888 penitus

74 2902 106 2993 m
121 2907 193 2952 ossa
206 2909 317 2957 carne
337 2890 555 2964 denudaret.
611 2899 714 2971 Tum
729 2897 892 2985 Brumae,
906 2894 1047 2964 demis-

75 3001 111 3048 sis
138 2987 366 3082 superciliis,
418 2995 557 3067 faciem
585 3013 739 3071 torvum
772 2993 1047 3088 distorquebat.

76 3083 188 3152 Ormus
203 3109 332 3178 sepem
356 3097 539 3182 transilit3
577 3099 656 3170 invi
680 3127 743 3173 em
767 3097 957 3194 complexi
982 3093 1048 3164 diu

76 3181 327 3274 ⁰⁰l¹¹1⁰l³sslur3
351 3195 518 3286 Brusius,
542 3205 757 3290 profluente
772 3199 949 3298 sangvine
966 3194 1048 3266 lati·

75 3295 182 3390 gatus,
209 3313 296 3359 cum
315 3295 447 3368 cedere
466 3302 657 3393 coepisset,
688 3305 828 3374 Omnus
845 3303 1049 3372 vehemen-

75 3391 135 3492 lltts
160 3388 320 3478 instans,
355 3395 613 3474 adversarium
645 3406 692 3474 ad
718 3427 850 3496 sepem
886 3397 1048 3492 repellit,

73 3477 182 3595 tblpue
198 3489 337 3582 recline
359 3509 513 3593 tergum
532 3504 750 3596 confringit.
805 3507 887 3573 Jern
905 3497 1049 3595 pridem

22 3635 23 3646 ,
75 3601 205 3655 animus
217 3589 314 3659 mihi
329 3600 557 3692 praesagivit,
581 3603 634 3670 ait
651 3602 815 3694 Brnsius,
842 3627 929 3673 cum
948 3599 1050 3668 dete

72 3678 154 3754 lama
170 3686 215 3755 ed
237 3714 344 3764 aures
362 3719 466 3768 meas
486 3705 678 3792 pervenit,
703 3717 744 3775 te
762 3703 964 3798 negotium
983 3697 1051 3772 ati·
1073 3759 1075 3762 .

73 3786 160 3902 qnod·
179 3789 275 3859 mihi
304 3790 589 3890 lacessiturum,
631 3805 735 3896 quod
766 3826 920 3898 quoque
947 3823 1050 3872 nune

22 3973 23 3992 ,
72 3903 200 4000 elea&
226 3893 303 3979 iam
320 3897 424 3970 enirn
445 3925 528 3972 rem
547 3907 621 3974 cito
647 3907 844 3997 conficies,
882 3918 920 3976 et
935 3911 1051 3996 capnt

70 3986 156 4102 num,
178 3993 365 4080 Praecides·
433 4005 576 4076 Verum
605 4009 804 4089 enimvero
829 4007 1051 4093 Asbjomem

23 4129 24 4136 κ
71 4089 228 4175 gravibus
261 4095 382 4171 adfeci
405 4107 656 4197 cruciatibus,
687 4136 777 4184 cum
812 4109 941 4183 omnia
971 4103 1050 4190 ojus
