2534 4778
3 405 5 494 i
3 431 168 534 jolense
189 433 398 512 vocaverat,
415 420 457 494 in
472 419 653 498 sedilibus
669 418 917 502 consederant.
951 425 1016 502 Se·
1056 489 1057 497 ,

3 567 4 572 ¹
29 553 94 601 nex
111 555 133 599 e
152 529 315 621 vestigio
330 527 484 597 aulam
474 541 611 610 intrat5
640 553 714 619 quo
735 553 823 600 cum
843 531 1013 620 venisset,

3 695 4 700 ,
30 630 245 702 vehementi
271 628 442 698 anhelitu
468 649 636 719 gressum
662 631 834 718 molitur,
867 635 1012 702 baculis

30 754 159 826 magno
180 733 268 800 nisu
287 725 484 826 incumbit,
511 729 611 798 etad
636 729 726 798 alios
748 731 942 803 mendicos
972 753 1013 804 se

31 848 271 915 convertens,
295 830 336 898 in
353 829 539 898 exteriore
555 831 655 898 euia¹
677 831 861 915 considet3
887 835 928 904 in
954 853 1012 904 ces

30 949 118 1001 teros
141 931 343 1000 mendicos
366 930 455 1000 satis
479 930 746 1019 importunum
775 945 813 1001 et
840 932 883 1004 in
913 947 1012 1003 trac·

30 1023 131 1100 tando
158 1031 278 1122 poulo
315 1028 506 1100 duriorem
537 1047 577 1098 se
606 1031 790 1122 praebuit3
824 1026 883 1102 illi
910 1053 1010 1124 vero,

28 1134 148 1220 inique
182 1127 368 1218 ferentes,
405 1130 548 1200 baculis
571 1132 769 1220 vapulare,
812 1133 1009 1224 cedebant,

29 1228 118 1300 unde
136 1233 333 1302 tumultus
351 1242 389 1299 et
413 1229 593 1300 clamores
619 1233 847 1321 extiterunt,
874 1251 917 1304 ot
938 1250 1010 1324 per

27 1346 138 1402 totam
157 1332 287 1402 aulam
307 1329 473 1400 exaudiri
490 1345 663 1422 possent:
716 1331 823 1426 Quod
844 1335 1008 1406 animade

28 1447 169 1502 vertens
181 1427 351 1524 dynasta,
378 1429 594 1524 interrogat,
622 1455 705 1524 quse
720 1456 825 1502 causa
843 1434 1006 1508 sitistius'

29 1532 213 1624 strepitus.
267 1531 412 1602 Dicunt
425 1529 642 1600 mendicum
661 1533 848 1624 quendam
864 1531 1006 1622 adesse,

29 1647 94 1701 tam
118 1629 273 1702 maium
301 1644 340 1699 et
363 1627 566 1718 ferocems,
598 1647 641 1700 ut
661 1627 760 1704 nihil
786 1635 1005 1704 nonfacere

28 1735 220 1804 sustineat.
293 1730 463 1824 Dynasta
487 1731 644 1800 eumad
672 1755 711 1800 se
740 1734 861 1802 vocari
885 1735 1005 1822 jussit,

29 1833 116 1924 quod
131 1849 172 1902 et
186 1832 330 1904 factum
340 1846 414 1913 est3
442 1854 604 1922 cumque
620 1852 734 1903 senex
748 1832 795 1902 ad
811 1833 1006 1924 dyrmetum

27 1935 128 2019 venit,
145 1933 340 2002 salutandi
357 1931 523 2002 officium
538 1931 700 2002 breviter
718 1931 885 2003 absolvit.
927 1939 1006 2026 Dy⁴
1073 1931 1077 1942 ’

27 2049 124 2104 nasta
140 2057 232 2103 eum
250 2033 296 2102 de
314 2033 490 2118 nomine,
517 2051 654 2125 genere
668 2046 711 2100 et
726 2033 872 2128 origine
888 2035 1006 2106 inter·

28 2150 131 2230 roget.
189 2138 339 2206 Nomen
367 2155 517 2218 meum,
550 2133 696 2222 inquit,
723 2135 882 2204 minime
905 2135 1005 2205 inso

27 2237 97 2304 lens
121 2247 200 2305 est:
228 2249 341 2302 vocor
360 2233 557 2322 Nidungus
574 2231 775 2318 Gjellondii
797 2227 896 2302 iilius
915 2237 1004 2315 (Fa-

27 2359 143 2404 mosne
163 2330 377 2404 Clamosiv.
396 2328 593 2412 Ultorisi.)
581 2343 634 2412 >e
659 2327 847 2425 Syrgisdai
848 2335 894 2420 is³
915 2337 1005 2408 sves

28 2438 83 2504 cire
104 2429 251 2532 frigidee
279 2420 480 2515 01111ηά1151
510 2453 604 2525 eppe
606 2434 678 2504 lior
697 2434 894 2552 Nidungus
912 2431 1005 2506 din·-

28 2555 131 2649 gens,
167 2537 291 2606 multa
315 2536 398 2603 loca
423 2533 520 2619 obii,
542 2536 684 2602 multos
709 2535 896 2626 principes
918 2534 1005 2606 visi

27 2637 113 2721 tavi3
139 2651 254 2708 aetate
275 2656 363 2702 vero
387 2633 515 2702 adeo
504 2653 581 2720 Jom
607 2648 807 2726 provectus
832 2657 937 2721 sum,
953 2651 1004 2710 111

27 2757 93 2850 pre
118 2737 228 2806 senio
254 2750 292 2806 et
314 2735 468 2806 fallente
492 2736 676 2806 memorie
700 2748 849 2806 estatem
878 2756 1003 2806 meam

28 2839 80 2904 vix
99 2837 226 2906 dicere
249 2854 409 2926 queam;
442 2836 562 2904 multa
592 2851 717 2906 autem
743 2835 852 2906 fando
874 2835 1002 2906 audivi

28 2937 66 3003 de
85 2952 152 3008 tua
180 2930 460 3054 magnificentia
487 2947 524 3000 et
548 2935 790 3022 strenuitate,
816 2929 1001 3024 sapientia

29 3051 61 3103 et
76 3035 206 3107 amicit
194 3038 273 3122 tiis,
301 3035 346 3104 de
364 3037 424 3128 leg
404 3054 493 3102 oum
509 3030 649 3105 lotione
676 3049 714 3104 et
729 3034 928 3122 modestia,
954 3030 1002 3105 11·
1078 3021 1088 3045 ’

28 3138 217 3207 beralitate
243 3134 603 3225 naturaequebonis.
670 3128 747 3204 Cur
771 3149 908 3206 tetam
935 3156 1001 3204 sae

27 3261 103 3306 vum
132 3252 176 3307 et
196 3236 387 3306 difficilem
409 3235 551 3325 proebes
583 3258 660 3326 pree
686 3235 768 3304 aliis
794 3231 1001 3306 mendicis?

27 3337 87 3405 Ille
104 3337 327 3430 respondet:
346 3327 449 3426 ¹quid
466 3358 544 3406 non
567 3336 858 3426 exspectandum
877 3351 933 3405 eet
953 3339 999 3405 ab·

28 3461 87 3523 eo,
113 3439 181 3528 qni
199 3437 371 3506 omnium
388 3459 514 3505 rerum
535 3460 677 3526 expers,
702 3452 837 3527 praeter
852 3438 999 3505 iabores

29 3551 61 3604 et
80 3539 271 3621 miserias,
295 3559 420 3626 neque
437 3537 572 3625 quibus
587 3536 751 3631 indiguit
765 3537 915 3622 habens,
933 3531 997 3606 diu

25 3637 60 3708 in
76 3640 220 3730 campis
239 3649 276 3706 et
298 3636 407 3728 sylvis
424 3636 560 3722 jacuit?
584 3637 674 3726 quid
700 3637 851 3720 mirum,
876 3636 906 3702 si
923 3636 998 3724 hic,

26 3737 223 3810 accedente
235 3749 394 3823 senecta,
419 3737 466 3804 ob
481 3733 560 3804 hoec
575 3737 701 3806 omnia
720 3735 998 3808 vehementiam

60 3887 84 3954 ¹)
104 3885 272 3957 stipola‚G.
320 3883 350 3954 2)
368 3881 545 3952 intrepidum,
566 3883 599 3934 G
648 3881 679 3952 ¹)
699 3879 897 3956 Sorgordo'inm,
917 3879 999 3935 111111

25 3975 66 4028 but
82 3975 208 4044 tristitiae,
226 3976 261 4029 ’a
724 4047 757 4122 G
779 4055 800 4120 2
