2534 4778
214 194 422 322 ·13033
551 207 840 268 ...···-··----·····’
948 215 951 223 ‘
1076 214 1204 284 cto„

202 445 300 508 rum.
371 413 691 508 lamprocadunt
720 409 857 503 pueri,
890 426 945 497 et,
985 413 1191 490 decedente

203 521 457 607 Thorsteine,
488 519 586 588 foras
612 529 829 586 excurrunt.
892 517 983 584 Post
1009 539 1097 588 vero
1125 516 1192 584 ali-

204 640 347 715 quanto
372 617 552 705 Skjaldisa
576 616 678 686 iniit:
707 614 809 686 exire
835 613 953 684 lubet.
1015 621 1110 688 Mox
1129 639 1190 688 ve·

202 723 375 796 hementi
398 733 577 806 vastoque
593 716 742 806 impetu
769 737 838 808 per
862 715 1001 784 ostium
1017 737 1192 807 prorum·

203 825 281 917 pit,
309 822 464 892 cedente
479 819 724 900 Thorsteine3
749 817 815 884 ubi
838 837 926 884 vero
949 815 1107 886 adfores
1131 839 1191 884 ex·

204 925 364 994 teriores
383 918 575 1012 pervenit,
600 921 644 988 in
669 931 832 986 matrem
861 918 1072 988 exanimem
1098 917 1192 988 inci·

207 1027 299 1096 dens
317 1021 537 1104 collabitur,
564 1042 637 1108 qua
655 1039 754 1088 exre
773 1016 871 1086 tristi
889 1029 931 1088 et
944 1018 1042 1088 miro
1057 1019 1192 1088 horore

125 1201 127 1215 ἡ
206 1129 359 1209 affecta,
382 1145 427 1192 ex
445 1119 524 1188 aede
541 1117 741 1210 procurrit.
791 1118 876 1190 Hoc
895 1117 976 1208 ipso
998 1133 1193 1188 momento

207 1224 411 1296 adveniens
443 1221 669 1306 Thorstein,
700 1217 844 1312 gladio,
879 1219 945 1310 qui
973 1219 1194 1305 Sltjaldvarae

206 1328 350 1411 iuerat,
374 1345 530 1390 manum
555 1321 591 1390 ai
616 1319 807 1410 precidit,
834 1331 873 1388 et
902 1340 1030 1388 rursus
1054 1319 1194 1394 intrare

209 1439 412 1498 conantem
435 1424 480 1490 ab
515 1422 620 1491 aditu
642 1419 839 1510 prohibet,
868 1443 911 1489 ea
934 1443 1064 1490 ensem
1086 1418 1193 1488 falca-

208 1543 294 1602 tum
315 1524 622 1618 manugestabat3
641 1520 913 1612 aliquantisper
928 1521 1192 1603 conflixerunt,

211 1649 257 1695 eo
271 1618 424 1694 tandem
443 1623 544 1692 facto
561 1619 774 1692 certaminis
805 1623 930 1709 exitu,
952 1627 998 1690 u‘t
1018 1613 1194 1709 Skjaldise

212 1726 394 1795 exanimis
415 1723 575 1794 caderet.
616 1723 699 1792 Hoc
719 1720 802 1813 ipso
814 1735 986 1814 tempore
999 1724 1078 1792 exit
1097 1725 1195 1792 Jeru-

101 1869 106 1882 «
212 1825 398 1914 skjttldus,
425 1824 574 1904 nudum
594 1819 763 1914 gladium
776 1845 892 1902 manu
905 1835 1053 1912 tenens,
1077 1819 1194 1892 telum

214 1925 456 2017 splendidum
490 1937 529 1992 et
568 1921 743 1992 acumine
783 1923 1051 2013 conspicuum,
1086 1921 1194 2015 quale

214 2024 423 2096 'l'horstein
440 2045 641 2114 nunquam
668 2044 709 2090 se
741 2023 878 2096 vidisse
903 2023 1105 2094 arbitratus
1132 2033 1194 2092 est

213 2126 321 2196 Illico
345 2124 614 2196 Thorsteinem
626 2121 750 2215 gladio
768 2123 893 2206 ieriit3
918 2123 982 2194 hic
1001 2123 1123 2194 ictum
1138 2122 1193 2190 dc-

215 2227 378 2313 clinans,
409 2223 451 2292 in
478 2224 623 2294 femore
648 2225 862 2294 vulneratus
883 2240 955 2308 est,
997 2247 1084 2295 cum
1113 2217 1192 2296 iero

214 2326 358 2422 gladius
376 2324 575 2394 interram
592 2323 854 2414 capulotenus
877 2323 1136 2410 descendisset,
1160 2336 1193 2390 et

214 2424 470 2513 larnskj‘dldus
492 2447 613 2516 prono
640 2447 795 2518 corpore
822 2424 1045 2513 inclinaret,
1078 2425 1207 2498 Thor-¹
1250 2499 1251 2510 ἵ

216 2521 315 2596 stain
334 2547 465 2594 ensem
485 2526 532 2594 ab
550 2525 742 2612 Skjalvara
768 2547 979 2618 possessum
1003 2547 1140 2620 magna
1161 2523 1193 2591 ri
1250 2545 1251 2560 ¹

217 2644 257 2698 et
282 2625 564 2711 subitotlibrat,
598 2626 1076 2717 Jarnskjiildumqueierit5
1118 2647 1193 2715 que

218 2749 310 2796 caesa
325 2727 368 2797 in
380 2725 536 2796 axillam
554 2724 789 2814 descendens,
805 2726 1005 2798 brachium
1017 2745 1055 2798 et
1068 2727 1194 2818 pedem

216 2826 394 2914 abscidit,
439 2841 478 2896 et
513 2827 795 2914 tarnskjoldum
836 2827 948 2898 humi
989 2825 1193 2918 prostravit.

217 2930 323 3008 Turn
345 2927 576 3016 Thorstein,
602 2929 849 2998 vehementes
875 2929 971 3000 ictus
991 2951 1071 3000 non
1092 2927 1195 2998 dide·
1249 2925 1250 2996 i

215 3049 316 3115 rens,
328 3043 445 3118 caput
459 3027 495 3095 ei
512 3029 701 3120 precidiu
725 3028 929 3120 quo:fac'to,
947 3030 1065 3099 dudem
1076 3031 1194 3112 intrat,

216 3123 435 3220 ingrediens
446 3149 541 3206 'vero
553 3151 624 3198 nac
643 3129 977 3220 opinato‘sublimis
993 3133 1139 3222 rapitur
1162 3139 1194 3194 et

216 3221 328 3296 humi
345 3227 533 3314 dejicitur,
584 3231 686 3300 'tum
703 3230 914 3314 ‘Thorstein
930 3225 1193 3311 animadvertit,

216 3326 386 3396 vetulam
403 3325 531 3398 adesse
549 3329 814 3418 Slrjaldvaram,
838 3344 930 3400 tunc
950 3333 1193 3424 multoquam
1248 3383 1249 3422 3

217 3443 327 3497 antea
339 3429 462 3523 magis
476 3428 756 3500 intractabilem
761 3455 775 3519 3
798 3431 841 3501 ea'
851 3432 1072 3504 Thorsteini
1087 3447 1194 3524 prona

215 3529 412 3618 incubuit,
456 3527 568 3624 eique
597 3545 729 3626 guttur
760 3532 1011 3628 praemordere
1048 3526 1190 3624 paravit.

217 3633 302 3698 lam
333 3630 602 3706 Thorsteinem
639 3629 848 3704 recordatio
882 3633 1001 3722 subit,
1042 3645 1193 3723 quantus

217 3729 285 3817 sit,
310 3731 377 3821 qui
394 3731 535 3809 coelum
553 3747 591 3801 et
606 3745 746 3802 terram
769 3732 1091 3816 creavit5'multas
1110 3749 1191 3822 quo·
1247 3765 1248 3772 ¹

218 3852 292 3920 que
310 3847 348 3908 st
364 3834 628 3915 memorabiles
643 3857 701 3902 res
717 3833 761 3903 de
785 3855 877 3928 rege
893 3836 1029 3924 Olevo,
1057 3849 1096 3904 et
1114 3827 1192 3900 reli·

217 3931 341 4024 gione,
362 3929 476 4022 quarn
490 3933 715 4026 praedicavit,
739 3933 951 4014 audiverat:
978 3957 1091 4026 quare
1106 3949 1189 4024 puro

220 4031 331 4101 corde
356 4048 395 4100 et
409 4033 552 4104 sincero
568 4034 695 4105 animo
719 4051 847 4123 vovet,
873 4037 905 4106 si
929 4037 1052 4107 salvus
1073 4035 1190 4106 vivus-
