2514 4782
276 161 375 296 200
570 179 841 289 .’......--,-.-·..

217 429 460 523 existimasti,
491 433 604 508 illum
615 431 804 506 clamare?
826 433 995 524 Dicam,
1031 435 1198 510 dominc:

217 535 398 628 quoniam
412 550 603 622 vetueras,
628 535 778 629 nequis
797 535 890 608 illuc
908 537 1011 608 solus
1030 537 1199 631 iret,per-

216 635 549 728 suadebammihi,
576 635 881 729 quandoquidem
906 640 1122 736 emergebat
1141 665 1199 710 ne·

215 737 330 826 bulo,
353 761 416 807 me
433 751 548 832 atque
565 737 676 807 illum
689 760 768 808 non
781 739 865 810 sine
879 738 1048 830 periculo
1063 739 1199 834 digres-

218 859 347 926 suros5
373 839 571 930 sperabam
597 863 704 930 vero,
741 837 774 908 si
802 840 1002 930 clamaret,
1041 856 1100 929 te,
1140 839 1197 910 do-

216 939 334 1035 mine,
358 939 644 1034 evigilatum,
667 953 856 1012 servatum
872 964 935 1009 me
960 939 1195 1030 judicans,
1169 967 1197 1012 ει

216 1039 547 1112 animadverteres
611 1040 670 1111 Ita
700 1063 852 1136 quoque
874 1037 1018 1110 factum
1050 1055 1125 1130 est,
1150 1043 1197 1112 ait

215 1163 305 1228 rex,
329 1159 373 1212 ut
386 1141 626 1238 evigilarem
648 1141 928 1234 antiquoque,
954 1141 1044 1234 quid
1064 1139 1119 1210 rei
1140 1167 1196 1239 ge·

214 1254 378 1334 teretur,
402 1241 566 1336 ideoque
582 1265 801 1358 campanam
815 1241 987 1336 pulsari'
974 1240 1076 1332 lassi,
1102 1245 1196 1332 quod

214 1343 348 1454 novi,¹
360 1366 447 1414 rem
462 1345 635 1440 alioquin
657 1367 736 1414 non
755 1343 836 1415 sine
861 1343 963 1413 malo
987 1353 1055 1411 tuo
1078 1345 1196 1412 exitu-

214 1467 314 1531 ram3
340 1457 433 1516 tune
447 1469 534 1516 vero
552 1443 798 1540 pertimuisti,
821 1443 1192 1534 clamareincipiente

214 1537 412 1616 daemone?
454 1547 662 1622 Thorstein
696 1547 886 1639 reposuit·
918 1543 1069 1632 nescio,
1108 1543 1191 1634 quid
1237 1566 1238 1624 t

213 1639 288 1714 hoc
304 1647 376 1717 sibi
399 1649 508 1739 velit,
529 1651 666 1737 timor,
693 1645 867 1718 domine!
899 1647 1000 1719 Rex
1028 1625 1238 1736 nullusne}

212 1762 337 1818 metus
351 1764 485 1844 pectus
500 1763 613 1822 tuum
634 1748 852 1843 occupavit?
879 1745 1104 1819 Thorstein:
1128 1745 1192 1816 mi·
1237 1759 1238 1770 ¹

211 1846 331 1935 nime,
355 1871 445 1930 nam
463 1849 510 1922 ad
526 1853 709 1923 ultimum
720 1849 833 1920 modo
853 1849 1059 1918 clamorem
1073 1860 1192 1936 pectus

211 1941 410 2020 levi'metu
427 1953 616 2044 trepidare
626 1949 751 2044 coepit.
803 1951 906 2024 Rex:
933 1969 1037 2018 nunc
1054 1943 1191 2014 nomini

211 2060 279 2116 tuo
295 2071 510 2152 cognomen
529 2053 688 2142 addam,
713 2065 830 2144 teque
853 2045 1104 2162 Trepidulum
1127 2067 1189 2136 ap-

210 2149 379 2238 pellab0;
418 2178 506 2233 ecce
508 2155 721 2274 gladium,
762 2175 879 2246 quem
902 2146 1007 2230 tibi
995 2169 1037 2217 m
1067 2147 1189 2263 pignus

210 2245 288 2317 dati
287 2253 538 2365 cognominis
554 2247 665 2333 dono.
726 2251 940 2332 Thorstein
958 2247 1094 2344 gratias
1113 2247 1186 2342 egit.

143 2374 147 2380 ¹
210 2349 362 2425 Dicitur
379 2357 615 2430 Thorstcin'
604 2368 707 2430 mter
728 2353 869 2428 aulicos
890 2351 988 2447 regis
1016 2345 1121 2422 Olavi
1140 2370 1188 2416 re·

210 2467 361 2549 ceptus,
388 2471 426 2526 et
444 2459 490 2528 ab
511 2460 586 2530 hoc
599 2459 689 2530 inde
709 2477 883 2576 ternpore
897 2449 997 2544 apud
1012 2469 1100 2518 eum
1119 2469 1188 2516 ver·

210 2563 323 2646 satus,
338 2569 376 2625 et
391 2581 559 2646 unacum
576 2560 785 2657 aliisregiis
799 2549 1005 2629 athletisin
1021 2551 1239 2641 serpente

209 2647 328 2748 longo
347 2661 576 2760 occubuisse.
