2514 4782
53 309 79 367 C.
97 299 193 366 12-13.

51 525 120 572 turn
137 496 203 564 sibi
223 489 501 566 conciliaverat.
538 490 751 584 ,Navigavit
769 490 807 560 in
824 516 926 564 mare
952 491 1025 560 ori-

52 599 171 682 entale,
199 619 284 688 quae
307 593 517 684 profectio,
538 607 653 686 prout
678 593 872 672 memoriae
899 591 1025 684 prodi·

13 785 14 790 ἵ
52 722 119 774 tum
132 713 203 784 est,
228 717 408 787 prospere
424 687 547 766 cessit}
602 693 854 776 Glaesisvellos
873 695 1025 766 venien·

53 821 113 872 tern
129 795 386 872 Godroundus.
400 797 552 885 prolixe
578 794 737 886 aceepit.
803 795 1023 882 Thorstein:

13 897 14 938 ³
54 901 128 992 quid
153 898 239 969 novi
269 919 332 980 ex.
354 897 654 992 Geirr'odigardis
670 895 886 984 audivisti?
925 893 1031 970 Mihi

53 1005 129 1082 illue
143 999 333 1092 profecto,
374 998 426 1078 ait
449 1000 726 1086 Godmundus,
764 999 960 1095 regionem
974 995 1023 1076 ¹iu

54 1116 262 1194 potestatem
286 1097 544 1187 tradiderunt,
570 1103 633 1172 cui
655 1099 873 1172 Heidrekus
895 1097 1026 1168 ottha-

54 1228 120 1272 nus
140 1201 266 1294 (pellis
286 1202 451 1292 lupinar,
474 1202 575 1282 silius
590 1223 725 1289 meus,
752 1191 856 1272 nuno
879 1212 1025 1290 praeest.

13 1387 14 1392 ἵ
56 1303 255 1376 Thorstein:
297 1301 363 1385 ubi
377 1302 524 1405 Agdius
542 1301 722 1396 dynasta?
761 1297 1026 1380 Godrnundus:

56 1406 120 1494 itte,
143 1420 180 1475 te
196 1401 390 1494 profecto,
415 1404 613 1486 tumulum
631 1403 705 1474 sibi
722 1402 833 1474 condi
849 1401 960 1486 fecit,
986 1397 1028 1470 in

57 1529 149 1598 quem
164 1528 298 1600 magna
313 1499 574 1596 cum'peounia
589 1504 801 1589 descenditt
813 1501 925 1580 totul
940 1521 1028 1570 vero

57 1621 84 1676 et
104 1609 303 1694 Frostius,
338 1629 360 1686 a
386 1607 559 1679 convivio
585 1608 824 1694 redeuntes,
841 1604 884 1686 in
911 1600 1028 1674 fluvio

56 1710 175 1778 Hemra
191 1706 379 1776 submersi
396 1707 564 1798 periuret
587 1727 661 1802 'ago
678 1732 774 1786 vero.
791 1702 1028 1784 territorium

13 1891 14 1896 η
58 1809 257 1879 Grundense
272 1807 314 1876 in
324 1821 511 1901 potestate
524 1831 611 1880 mee
628 1811 762 1882 habeo.
804 1801 1027 1882 Thorstein:

57 1909 88 1977 id
103 1909 221 2006 magni
237 1909 316 1997 jam
334 1909 474 2000 refert,
518 1926 675 2002 quotam
694 1911 911 2004 portionem
931 1902 1030 1972 mihi

13 2039 14 2048 ¹
59 2010 238 2079 concedere
258 2009 369 2092 velis;
406 2031 539 2080 omnes
564 2013 665 2082 enim
692 2033 806 2103 opes,
843 2003 1030 2098 abegdio

61 2110 188 2204 dynasta
211 2111 381 2198 relictas,
419 2112 465 2182 ad
491 2111 609 2182 filiam
634 2113 855 2184 Godrunam
877 2107 1030 2178 rediisse

61 2209 221 2282 existimo.
277 2211 549 2282 Godmundus:
578 2213 683 2300 volo,
706 2213 737 2284 si
755 2211 853 2284 mihi
876 2207 1030 2292 subjec-

60 2325 107 2380 tus
122 2334 193 2381 esse
208 2309 275 2382 vis
330 2313 557 2384 Thorstein:
587 2316 718 2408 itaque
740 2337 819 2386 non
845 2308 1032 2382 rationem

60 2413 175 2481 habeto
192 2411 411 2505 religionis,
436 2439 550 2506 quarn
570 2417 762 2510 profiteor.
817 2419 904 2490 Non
921 2407 1034 2477 habe·

60 2513 115 2600 bo,
138 2513 188 2582 ait
204 2515 471 2586 Godmundus.
502 2585 506 2596 ,
525 2514 675 2590 Deinde
694 2517 735 2589 in
752 2514 924 2590 Grundes
947 2528 1035 2599 pro·

61 2613 275 2781 fi⁶{)⁵.⁰uf¹tur’
313 2615 415 2708 quod
448 2619 689 2690 territorium
721 2613 929 2690 Thorstein
961 2605 1035 2694 sibi

61 2735 95 2782 su
116 2729 209 2801 lectt.

102 2815 256 2906 Cap.13.
328 2816 537 2891 Thorstein
571 2819 853 2892 villicationem
888 2809 1029 2904 Gnipa·
1135 2877 1142 2887 ,

61 2907 155 3006 luridi
170 2919 411 3002 restauravit3
435 2921 582 3013 Agdius
611 2922 713 2990 enim
741 2921 916 3014 dynasta,
940 2910 1037 2980 redi·

62 3014 148 3084 rivus
173 3017 315 3105 fectus,
354 3020 540 3110 praedium
567 3035 793 3106 vastaverat3
834 3010 1038 3092 Thorstein

64 3135 218 3210 magnam
234 3117 305 3186 sibi
319 3120 421 3211 apud
442 3121 585 3191 incolas
603 3123 873 3194 auctoritatem
888 3133 1038 3204 compa·

63 3219 147 3287 ravit.
208 3219 300 3288 Post
331 3223 447 3312 paulo
482 3223 664 3294 Godruna
688 3247 854 3318 puerum
876 3213 1041 3313 peperit‚·

62 3318 194 3389 nomine
210 3320 460 3412 Brynjolfurn.
499 3325 640 3420 Agdius
658 3326 816 3420 dynasta
831 3321 877 3394 ab
891 3313 1039 3408 inquie·
1086 3311 1090 3318 '

60 3417 152 3487 tando
178 3433 218 3489 et
244 3420 463 3491 lacessendo
491 3427 723 3497 Thorsteine
742 3423 906 3496 minime
925 3413 1039 3486 absti-

61 3519 139 3589 nuit.
191 3525 313 3592 Nocte
343 3523 509 3612 quadam
537 3525 763 3612 Thorstein,
785 3527 888 3593 lec'to
915 3537 1039 3610 egres·

60 3638 126 3707 sus,
163 3619 329 3717 Agdium
360 3622 629 3704 advenientem
659 3623 880 3717 conspexit,
915 3615 1040 3688 nullas

60 3736 132 3788 vero
150 3717 248 3790 fores
269 3719 413 3792 intrare
436 3723 666 3816 audentem,
692 3725 795 3818 quod
824 3719 946 3794 crucis
965 3717 1040 3808 sig·

59 3837 139 3888 num
162 3834 250 3891 ante
271 3843 517 3916 quascunque
541 3825 642 3895 fores
668 3844 749 3899 eret
773 3822 1038 3896 constitutum.
1141 3901 1151 3922 ,

60 3918 253 3991 Thorstein
277 3925 474 3994 tumulum
503 3927 690 4012 accessit3
714 3927 747 3998 is
775 3940 928 4022 apertus
948 3919 1041 3998 iuitt

59 4015 122 4088 bue
136 4019 329 4117 ingressus
349 4047 493 4098 cornua
521 4031 725 4129 Hvitingos
744 4029 914 4108 abstulit.
968 4023 1051 4112 Ag*

761 4139 795 4206 N
821 4140 844 4206 2
1013 4149 1015 4154 '
