<?xml version="1.0" encoding="UTF-8"?>
<!DOCTYPE html PUBLIC "-//W3C//DTD XHTML 1.0 Transitional//EN"
    "http://www.w3.org/TR/xhtml1/DTD/xhtml1-transitional.dtd">
<html xmlns="http://www.w3.org/1999/xhtml" xml:lang="en" lang="en">
 <head>
  <title>
</title>
<meta http-equiv="Content-Type" content="text/html;charset=utf-8" />
  <meta name='ocr-system' content='tesseract 3.04.00' />
  <meta name='ocr-capabilities' content='ocr_page ocr_carea ocr_par ocr_line ocrx_word'/>
</head>
<body>
  <div class='ocr_page' id='page_1' title='image "./scriptahistoric01dengoog_0061.png"; bbox 0 0 2594 4784; ppageno 0'>
   <div class='ocr_carea' id='block_1_1' title="bbox 260 173 1201 296">
    <p class='ocr_par' dir='ltr' id='par_1_1' title="bbox 260 173 1201 312">
     <span class='ocr_line' id='line_1_1' title="bbox 260 173 1201 296; baseline 0.014 -32"><span class='ocrx_word' id='word_1_1' title='bbox 260 173 322 264; x_wconf 78' lang='grc'><strong>48</strong></span> <span class='ocrx_word' id='word_1_2' title='bbox 552 189 822 290; x_wconf 73' lang='lat'><strong>===</strong></span> <span class='ocrx_word' id='word_1_3' title='bbox 868 283 873 296; x_wconf 34' lang='lat'><strong><em>¹</em></strong></span> <span class='ocrx_word' id='word_1_4' title='bbox 985 207 1201 276; x_wconf 73' lang='lat' dir='ltr'><strong>coro-277.</strong></span> 
     </span>
    </p>
   </div>
   <div class='ocr_carea' id='block_1_2' title="bbox 152 398 1296 4032">
    <p class='ocr_par' dir='ltr' id='par_1_2' title="bbox 187 398 1200 2014">
     <span class='ocr_line' id='line_1_2' title="bbox 196 398 1200 497; baseline 0.002 -21"><span class='ocrx_word' id='word_1_5' title='bbox 196 401 394 497; x_wconf 84' lang='lat' dir='ltr'><strong>navigans,</strong></span> <span class='ocrx_word' id='word_1_6' title='bbox 430 398 586 470; x_wconf 81' lang='lat' dir='ltr'><strong>classem</strong></span> <span class='ocrx_word' id='word_1_7' title='bbox 611 421 745 471; x_wconf 87' lang='lat' dir='ltr'><strong>eorum</strong></span> <span class='ocrx_word' id='word_1_8' title='bbox 778 400 1073 476; x_wconf 82' lang='lat' dir='ltr'><strong>animadvertere</strong></span> <span class='ocrx_word' id='word_1_9' title='bbox 1100 429 1200 478; x_wconf 85' lang='lat' dir='ltr'><strong>non</strong></span> 
     </span>
     <span class='ocr_line' id='line_1_3' title="bbox 195 499 1199 598; baseline 0.001 -22"><span class='ocrx_word' id='word_1_10' title='bbox 195 515 343 598; x_wconf 86' lang='lat' dir='ltr'><strong>posset,</strong></span> <span class='ocrx_word' id='word_1_11' title='bbox 367 513 571 594; x_wconf 87' lang='lat' dir='ltr'><strong>antequam</strong></span> <span class='ocrx_word' id='word_1_12' title='bbox 587 499 896 596; x_wconf 76' lang='lat' dir='ltr'><strong>tlassiarii&#39;Regis</strong></span> <span class='ocrx_word' id='word_1_13' title='bbox 919 525 1050 575; x_wconf 87' lang='lat' dir='ltr'><strong>omnes</strong></span> <span class='ocrx_word' id='word_1_14' title='bbox 1067 531 1199 577; x_wconf 82' lang='lat' dir='ltr'><strong>naves</strong></span> 
     </span>
     <span class='ocr_line' id='line_1_4' title="bbox 194 604 1198 701; baseline 0 -23"><span class='ocrx_word' id='word_1_15' title='bbox 194 608 233 678; x_wconf 88' lang='lat' dir='ltr'><strong>in</strong></span> <span class='ocrx_word' id='word_1_16' title='bbox 254 630 342 677; x_wconf 89' lang='lat' dir='ltr'><strong>eum</strong></span> <span class='ocrx_word' id='word_1_17' title='bbox 367 607 568 701; x_wconf 81' lang='lat' dir='ltr'>agitaruut.</span> <span class='ocrx_word' id='word_1_18' title='bbox 631 604 725 672; x_wconf 85' lang='lat' dir='ltr'><strong>Heio</strong></span> <span class='ocrx_word' id='word_1_19' title='bbox 752 605 980 674; x_wconf 82' lang='lat' dir='ltr'><strong>acerrimum</strong></span> <span class='ocrx_word' id='word_1_20' title='bbox 1004 610 1198 697; x_wconf 82' lang='lat' dir='ltr'><strong>praelium</strong></span> 
     </span>
     <span class='ocr_line' id='line_1_5' title="bbox 194 703 1196 800; baseline -0.002 -22"><span class='ocrx_word' id='word_1_21' title='bbox 194 715 342 794; x_wconf 84' lang='lat' dir='ltr'><strong>ortum,</strong></span> <span class='ocrx_word' id='word_1_22' title='bbox 378 707 419 776; x_wconf 92' lang='lat' dir='ltr'><strong>in</strong></span> <span class='ocrx_word' id='word_1_23' title='bbox 448 729 523 796; x_wconf 92' lang='lat' dir='ltr'><strong>quo</strong></span> <span class='ocrx_word' id='word_1_24' title='bbox 559 725 690 773; x_wconf 87' lang='lat' dir='ltr'><strong>omnes</strong></span> <span class='ocrx_word' id='word_1_25' title='bbox 713 703 856 800; x_wconf 83' lang='lat' dir='ltr'><strong>Eriingi</strong></span> <span class='ocrx_word' id='word_1_26' title='bbox 884 706 999 796; x_wconf 79' lang='lat' dir='ltr'><strong>copiae</strong></span> <span class='ocrx_word' id='word_1_27' title='bbox 1025 711 1196 798; x_wconf 84' lang='lat' dir='ltr'><strong>penitus</strong></span> 
     </span>
     <span class='ocr_line' id='line_1_6' title="bbox 193 804 1197 900; baseline 0.001 -22"><span class='ocrx_word' id='word_1_28' title='bbox 193 807 286 878; x_wconf 84' lang='lat' dir='ltr'><strong>adeo</strong></span> <span class='ocrx_word' id='word_1_29' title='bbox 311 821 507 900; x_wconf 85' lang='lat' dir='ltr'><strong>prostratae</strong></span> <span class='ocrx_word' id='word_1_30' title='bbox 536 817 643 892; x_wconf 88' lang='lat' dir='ltr'><strong>sunt,</strong></span> <span class='ocrx_word' id='word_1_31' title='bbox 684 827 767 896; x_wconf 83' lang='lat' dir='ltr'><strong>quae</strong></span> <span class='ocrx_word' id='word_1_32' title='bbox 798 804 839 872; x_wconf 91' lang='lat' dir='ltr'><strong>in</strong></span> <span class='ocrx_word' id='word_1_33' title='bbox 865 806 951 876; x_wconf 78' lang='lat' dir='ltr'><strong>navi</strong></span> <span class='ocrx_word' id='word_1_34' title='bbox 976 822 1101 898; x_wconf 87' lang='lat' dir='ltr'><strong>erant,</strong></span> <span class='ocrx_word' id='word_1_35' title='bbox 1137 823 1197 879; x_wconf 85' lang='lat' dir='ltr'><strong>ut</strong></span> 
     </span>
     <span class='ocr_line' id='line_1_7' title="bbox 192 904 1195 1001; baseline 0.003 -25"><span class='ocrx_word' id='word_1_36' title='bbox 192 907 274 1001; x_wconf 89' lang='lat' dir='ltr'><strong>ipse</strong></span> <span class='ocrx_word' id='word_1_37' title='bbox 300 911 402 1000; x_wconf 74' lang='lat' dir='ltr'><strong>solus</strong></span> <span class='ocrx_word' id='word_1_38' title='bbox 417 908 523 976; x_wconf 85' lang='lat' dir='ltr'><strong>vivus</strong></span> <span class='ocrx_word' id='word_1_39' title='bbox 540 919 716 995; x_wconf 87' lang='lat' dir='ltr'><strong>restaret,</strong></span> <span class='ocrx_word' id='word_1_40' title='bbox 744 904 810 996; x_wconf 89' lang='lat' dir='ltr'><strong>qni</strong></span> <span class='ocrx_word' id='word_1_41' title='bbox 837 917 942 977; x_wconf 87' lang='lat' dir='ltr'><strong>tanta</strong></span> <span class='ocrx_word' id='word_1_42' title='bbox 964 930 1005 978; x_wconf 88' lang='lat' dir='ltr'><strong>se</strong></span> <span class='ocrx_word' id='word_1_43' title='bbox 1027 907 1195 980; x_wconf 78' lang='lat' dir='ltr'><strong>sortitu-</strong></span> 
     </span>
     <span class='ocr_line' id='line_1_8' title="bbox 194 1007 1193 1100; baseline 0.002 -21"><span class='ocrx_word' id='word_1_44' title='bbox 194 1007 282 1079; x_wconf 88' lang='lat' dir='ltr'><strong>dine</strong></span> <span class='ocrx_word' id='word_1_45' title='bbox 309 1007 554 1094; x_wconf 81' lang='lat' dir='ltr'><strong>defendebat,</strong></span> <span class='ocrx_word' id='word_1_46' title='bbox 591 1020 636 1075; x_wconf 89' lang='lat' dir='ltr'><strong>ut</strong></span> <span class='ocrx_word' id='word_1_47' title='bbox 663 1029 777 1075; x_wconf 88' lang='lat' dir='ltr'><strong>nemo</strong></span> <span class='ocrx_word' id='word_1_48' title='bbox 808 1009 1028 1100; x_wconf 81' lang='lat' dir='ltr'><strong>exemplum</strong></span> <span class='ocrx_word' id='word_1_49' title='bbox 1064 1011 1193 1080; x_wconf 81' lang='lat' dir='ltr'><strong>sciret</strong></span> 
     </span>
     <span class='ocr_line' id='line_1_9' title="bbox 192 1107 1192 1204; baseline 0.003 -27"><span class='ocrx_word' id='word_1_50' title='bbox 192 1111 281 1196; x_wconf 83' lang='lat' dir='ltr'><strong>viri,</strong></span> <span class='ocrx_word' id='word_1_51' title='bbox 309 1109 375 1202; x_wconf 89' lang='lat' dir='ltr'><strong>qui</strong></span> <span class='ocrx_word' id='word_1_52' title='bbox 393 1108 491 1178; x_wconf 80' lang='lat' dir='ltr'><strong>nnits</strong></span> <span class='ocrx_word' id='word_1_53' title='bbox 508 1121 567 1178; x_wconf 88' lang='lat' dir='ltr'><strong>tot</strong></span> <span class='ocrx_word' id='word_1_54' title='bbox 593 1107 797 1176; x_wconf 86' lang='lat' dir='ltr'><strong>hominum</strong></span> <span class='ocrx_word' id='word_1_55' title='bbox 822 1107 1011 1199; x_wconf 85' lang='lat' dir='ltr'><strong>impetum</strong></span> <span class='ocrx_word' id='word_1_56' title='bbox 1032 1111 1192 1204; x_wconf 83' lang='lat' dir='ltr'><strong>tamdiu</strong></span> 
     </span>
     <span class='ocr_line' id='line_1_10' title="bbox 192 1208 1187 1305; baseline 0 -24"><span class='ocrx_word' id='word_1_57' title='bbox 192 1210 431 1293; x_wconf 63' lang='lat' dir='ltr'><strong>sustinuerim</strong></span> <span class='ocrx_word' id='word_1_58' title='bbox 472 1219 617 1301; x_wconf 84' lang='lat' dir='ltr'><strong>neque</strong></span> <span class='ocrx_word' id='word_1_59' title='bbox 641 1208 770 1305; x_wconf 84' lang='lat' dir='ltr'><strong>fugam</strong></span> <span class='ocrx_word' id='word_1_60' title='bbox 806 1229 976 1300; x_wconf 88' lang='lat' dir='ltr'><strong>unquam</strong></span> <span class='ocrx_word' id='word_1_61' title='bbox 1017 1209 1187 1281; x_wconf 87' lang='lat' dir='ltr'><strong>circum-</strong></span> 
     </span>
     <span class='ocr_line' id='line_1_11' title="bbox 192 1310 1188 1404; baseline 0.004 -26"><span class='ocrx_word' id='word_1_62' title='bbox 192 1312 336 1402; x_wconf 81' lang='lat' dir='ltr'>spexit,</span> <span class='ocrx_word' id='word_1_63' title='bbox 377 1310 493 1381; x_wconf 87' lang='lat' dir='ltr'><strong>donec</strong></span> <span class='ocrx_word' id='word_1_64' title='bbox 523 1335 608 1398; x_wconf 89' lang='lat' dir='ltr'><strong>rex,</strong></span> <span class='ocrx_word' id='word_1_65' title='bbox 655 1327 698 1379; x_wconf 91' lang='lat' dir='ltr'><strong>ut</strong></span> <span class='ocrx_word' id='word_1_66' title='bbox 732 1331 770 1377; x_wconf 88' lang='lat' dir='ltr'><strong>se</strong></span> <span class='ocrx_word' id='word_1_67' title='bbox 796 1311 952 1380; x_wconf 84' lang='lat' dir='ltr'><strong>dederet</strong></span> <span class='ocrx_word' id='word_1_68' title='bbox 983 1311 1188 1404; x_wconf 81' lang='lat' dir='ltr'><strong>fidemque</strong></span> 
     </span>
     <span class='ocr_line' id='line_1_12' title="bbox 191 1409 1188 1507; baseline 0.002 -27"><span class='ocrx_word' id='word_1_69' title='bbox 191 1433 299 1483; x_wconf 87' lang='lat' dir='ltr'><strong>suam</strong></span> <span class='ocrx_word' id='word_1_70' title='bbox 317 1412 387 1482; x_wconf 85' lang='lat' dir='ltr'><strong>sibi</strong></span> <span class='ocrx_word' id='word_1_71' title='bbox 405 1411 674 1507; x_wconf 84' lang='lat' dir='ltr'><strong>obstringeret,</strong></span> <span class='ocrx_word' id='word_1_72' title='bbox 700 1409 871 1481; x_wconf 85' lang='lat' dir='ltr'><strong>hortatus</strong></span> <span class='ocrx_word' id='word_1_73' title='bbox 888 1425 963 1496; x_wconf 81' lang='lat' dir='ltr'><strong>est3</strong></span> <span class='ocrx_word' id='word_1_74' title='bbox 990 1412 1093 1504; x_wconf 90' lang='lat' dir='ltr'><strong>quod</strong></span> <span class='ocrx_word' id='word_1_75' title='bbox 1110 1437 1188 1484; x_wconf 84' lang='lat' dir='ltr'><strong>an-</strong></span> 
     </span>
     <span class='ocr_line' id='line_1_13' title="bbox 190 1513 1183 1607; baseline 0 -25"><span class='ocrx_word' id='word_1_76' title='bbox 190 1535 331 1603; x_wconf 89' lang='lat' dir='ltr'><strong>nuens,</strong></span> <span class='ocrx_word' id='word_1_77' title='bbox 366 1513 544 1603; x_wconf 89' lang='lat' dir='ltr'><strong>depositis</strong></span> <span class='ocrx_word' id='word_1_78' title='bbox 569 1514 702 1600; x_wconf 86' lang='lat' dir='ltr'><strong>armis,</strong></span> <span class='ocrx_word' id='word_1_79' title='bbox 728 1534 816 1581; x_wconf 88' lang='lat' dir='ltr'><strong>cum</strong></span> <span class='ocrx_word' id='word_1_80' title='bbox 839 1527 951 1606; x_wconf 88' lang='lat' dir='ltr'><strong>caput</strong></span> <span class='ocrx_word' id='word_1_81' title='bbox 975 1513 1081 1607; x_wconf 79' lang='lat' dir='ltr'><strong>galea</strong></span> <span class='ocrx_word' id='word_1_82' title='bbox 1103 1537 1183 1584; x_wconf 89' lang='lat' dir='ltr'><strong>nu-</strong></span> 
     </span>
     <span class='ocr_line' id='line_1_14' title="bbox 191 1611 1185 1705; baseline 0.002 -23"><span class='ocrx_word' id='word_1_83' title='bbox 191 1611 329 1702; x_wconf 86' lang='lat' dir='ltr'><strong>dasset,</strong></span> <span class='ocrx_word' id='word_1_84' title='bbox 373 1627 503 1704; x_wconf 86' lang='lat' dir='ltr'><strong>aperte</strong></span> <span class='ocrx_word' id='word_1_85' title='bbox 529 1611 651 1683; x_wconf 88' lang='lat' dir='ltr'><strong>invito</strong></span> <span class='ocrx_word' id='word_1_86' title='bbox 684 1632 774 1705; x_wconf 85' lang='lat' dir='ltr'><strong>rege</strong></span> <span class='ocrx_word' id='word_1_87' title='bbox 808 1613 925 1684; x_wconf 84' lang='lat' dir='ltr'><strong>Olavo</strong></span> <span class='ocrx_word' id='word_1_88' title='bbox 950 1614 1185 1684; x_wconf 81' lang='lat' dir='ltr'><strong>interfectus</strong></span> 
     </span>
     <span class='ocr_line' id='line_1_15' title="bbox 190 1711 1185 1810; baseline 0.005 -29"><span class='ocrx_word' id='word_1_89' title='bbox 190 1727 263 1803; x_wconf 86' lang='lat' dir='ltr'><strong>est,</strong></span> <span class='ocrx_word' id='word_1_90' title='bbox 289 1713 609 1810; x_wconf 73' lang='lat' dir='ltr'><strong>quemadmodum</strong></span> <span class='ocrx_word' id='word_1_91' title='bbox 627 1713 669 1782; x_wconf 92' lang='lat' dir='ltr'><strong>in</strong></span> <span class='ocrx_word' id='word_1_92' title='bbox 696 1711 853 1785; x_wconf 88' lang='lat' dir='ltr'><strong>historia</strong></span> <span class='ocrx_word' id='word_1_93' title='bbox 877 1714 957 1802; x_wconf 86' lang='lat' dir='ltr'><strong>ejus</strong></span> <span class='ocrx_word' id='word_1_94' title='bbox 978 1715 1185 1786; x_wconf 77' lang='lat' dir='ltr'><strong>memoriae</strong></span> 
     </span>
     <span class='ocr_line' id='line_1_16' title="bbox 187 1814 469 1906; baseline 0 -22"><span class='ocrx_word' id='word_1_95' title='bbox 187 1814 383 1906; x_wconf 86' lang='lat' dir='ltr'><strong>proditum</strong></span> <span class='ocrx_word' id='word_1_96' title='bbox 403 1831 469 1884; x_wconf 90' lang='lat' dir='ltr'><strong>est.</strong></span> 
     </span>
     <span class='ocr_line' id='line_1_17' title="bbox 402 1914 964 2014; baseline -0.002 -27"><span class='ocrx_word' id='word_1_97' title='bbox 402 1914 757 2010; x_wconf 72' lang='lat' dir='ltr'><strong>[characterismos</strong></span> <span class='ocrx_word' id='word_1_98' title='bbox 777 1915 964 2014; x_wconf 67' lang='lat' dir='ltr'><strong>Erlingi}</strong></span> 
     </span>
    </p>

    <p class='ocr_par' dir='ltr' id='par_1_3' title="bbox 152 2013 1296 4032">
     <span class='ocr_line' id='line_1_18' title="bbox 195 2013 1182 2110; baseline 0.002 -24"><span class='ocrx_word' id='word_1_99' title='bbox 195 2023 199 2030; x_wconf 88' lang='lat'>&#39;</span> <span class='ocrx_word' id='word_1_100' title='bbox 262 2015 434 2110; x_wconf 79' lang='lat' dir='ltr'><strong>Cap.277.</strong></span> <span class='ocrx_word' id='word_1_101' title='bbox 465 2015 670 2084; x_wconf 88' lang='lat' dir='ltr'><strong>Communi</strong></span> <span class='ocrx_word' id='word_1_102' title='bbox 681 2013 1038 2106; x_wconf 87' lang='lat' dir='ltr'><strong>hominumjudicio</strong></span> <span class='ocrx_word' id='word_1_103' title='bbox 1049 2015 1182 2090; x_wconf 89' lang='lat' dir='ltr'><strong>Erlin·</strong></span> 
     </span>
     <span class='ocr_line' id='line_1_19' title="bbox 186 2116 1182 2217; baseline -0.002 -29"><span class='ocrx_word' id='word_1_104' title='bbox 186 2139 254 2217; x_wconf 77' lang='lat' dir='ltr'><strong>gus</strong></span> <span class='ocrx_word' id='word_1_105' title='bbox 267 2118 505 2190; x_wconf 80' lang='lat' dir='ltr'><strong>existimatur</strong></span> <span class='ocrx_word' id='word_1_106' title='bbox 519 2118 575 2186; x_wconf 85' lang='lat' dir='ltr'><strong>vir</strong></span> <span class='ocrx_word' id='word_1_107' title='bbox 596 2116 762 2184; x_wconf 86' lang='lat' dir='ltr'><strong>maxime</strong></span> <span class='ocrx_word' id='word_1_108' title='bbox 777 2117 892 2188; x_wconf 84' lang='lat' dir='ltr'><strong>inisse</strong></span> <span class='ocrx_word' id='word_1_109' title='bbox 915 2117 1074 2212; x_wconf 82' lang='lat' dir='ltr'><strong>insignis</strong></span> <span class='ocrx_word' id='word_1_110' title='bbox 1091 2142 1182 2187; x_wconf 88' lang='lat' dir='ltr'><strong>om·</strong></span> 
     </span>
     <span class='ocr_line' id='line_1_20' title="bbox 186 2209 1179 2322; baseline -0.005 -31"><span class='ocrx_word' id='word_1_111' title='bbox 186 2221 297 2291; x_wconf 86' lang='lat' dir='ltr'><strong>nium</strong></span> <span class='ocrx_word' id='word_1_112' title='bbox 313 2222 584 2316; x_wconf 81' lang='lat' dir='ltr'><strong>Norvegorum,</strong></span> <span class='ocrx_word' id='word_1_113' title='bbox 612 2219 678 2322; x_wconf 84' lang='lat' dir='ltr'><strong>qui</strong></span> <span class='ocrx_word' id='word_1_114' title='bbox 693 2216 851 2289; x_wconf 81' lang='lat' dir='ltr'><strong>honoris</strong></span> <span class='ocrx_word' id='word_1_115' title='bbox 865 2218 978 2290; x_wconf 90' lang='lat' dir='ltr'><strong>titulo</strong></span> <span class='ocrx_word' id='word_1_116' title='bbox 995 2209 1179 2289; x_wconf 63' lang='lat' dir='ltr'><strong>non&#39;fue-</strong></span> 
     </span>
     <span class='ocr_line' id='line_1_21' title="bbox 186 2318 1178 2414; baseline -0.005 -22"><span class='ocrx_word' id='word_1_117' title='bbox 186 2323 263 2393; x_wconf 88' lang='lat' dir='ltr'><strong>rint</strong></span> <span class='ocrx_word' id='word_1_118' title='bbox 285 2319 473 2412; x_wconf 83' lang='lat' dir='ltr'><strong>insigniti,</strong></span> <span class='ocrx_word' id='word_1_119' title='bbox 504 2319 630 2412; x_wconf 88' lang='lat' dir='ltr'><strong>primo</strong></span> <span class='ocrx_word' id='word_1_120' title='bbox 659 2318 815 2412; x_wconf 89' lang='lat' dir='ltr'><strong>quidem</strong></span> <span class='ocrx_word' id='word_1_121' title='bbox 838 2321 884 2390; x_wconf 92' lang='lat' dir='ltr'><strong>ob</strong></span> <span class='ocrx_word' id='word_1_122' title='bbox 911 2321 1060 2414; x_wconf 85' lang='lat' dir='ltr'><strong>generis</strong></span> <span class='ocrx_word' id='word_1_123' title='bbox 1082 2341 1178 2388; x_wconf 88' lang='lat' dir='ltr'><strong>con-</strong></span> 
     </span>
     <span class='ocr_line' id='line_1_22' title="bbox 184 2419 1176 2512; baseline -0.004 -20"><span class='ocrx_word' id='word_1_124' title='bbox 184 2421 370 2512; x_wconf 87' lang='lat' dir='ltr'><strong>nubiique</strong></span> <span class='ocrx_word' id='word_1_125' title='bbox 385 2421 634 2505; x_wconf 82' lang='lat' dir='ltr'><strong>nobilitatem,</strong></span> <span class='ocrx_word' id='word_1_126' title='bbox 657 2419 776 2490; x_wconf 85' lang='lat' dir='ltr'><strong>animi</strong></span> <span class='ocrx_word' id='word_1_127' title='bbox 792 2422 1034 2512; x_wconf 84' lang='lat' dir='ltr'><strong>corporisque</strong></span> <span class='ocrx_word' id='word_1_128' title='bbox 1052 2419 1176 2510; x_wconf 90' lang='lat' dir='ltr'><strong>dotes,</strong></span> 
     </span>
     <span class='ocr_line' id='line_1_23' title="bbox 185 2517 1296 2613; baseline -0.002 -21"><span class='ocrx_word' id='word_1_129' title='bbox 185 2521 329 2592; x_wconf 86' lang='lat' dir='ltr'><strong>artium</strong></span> <span class='ocrx_word' id='word_1_130' title='bbox 343 2520 541 2613; x_wconf 87' lang='lat' dir='ltr'><strong>peritiam,</strong></span> <span class='ocrx_word' id='word_1_131' title='bbox 569 2521 815 2613; x_wconf 83' lang='lat' dir='ltr'><strong>possessiones</strong></span> <span class='ocrx_word' id='word_1_132' title='bbox 841 2536 879 2591; x_wconf 89' lang='lat' dir='ltr'><strong>et</strong></span> <span class='ocrx_word' id='word_1_133' title='bbox 900 2522 1063 2609; x_wconf 84' lang='lat' dir='ltr'><strong>divitias,</strong></span> <span class='ocrx_word' id='word_1_134' title='bbox 1085 2545 1178 2590; x_wconf 82' lang='lat' dir='ltr'><strong>mu·</strong></span> <span class='ocrx_word' id='word_1_135' title='bbox 1295 2517 1296 2542; x_wconf 73' lang='lat'>³</span> 
     </span>
     <span class='ocr_line' id='line_1_24' title="bbox 183 2613 1178 2716; baseline -0.002 -22"><span class='ocrx_word' id='word_1_136' title='bbox 183 2621 419 2694; x_wconf 85' lang='lat' dir='ltr'><strong>nificentiam</strong></span> <span class='ocrx_word' id='word_1_137' title='bbox 429 2638 467 2692; x_wconf 86' lang='lat' dir='ltr'><strong>et</strong></span> <span class='ocrx_word' id='word_1_138' title='bbox 481 2623 692 2714; x_wconf 88' lang='lat' dir='ltr'><strong>potentiam</strong></span> <span class='ocrx_word' id='word_1_139' title='bbox 702 2647 722 2690; x_wconf 52' lang='grc' dir='ltr'><strong>τ’</strong></span> <span class='ocrx_word' id='word_1_140' title='bbox 736 2621 872 2692; x_wconf 89' lang='lat' dir='ltr'><strong>deinde</strong></span> <span class='ocrx_word' id='word_1_141' title='bbox 882 2645 1047 2716; x_wconf 86' lang='lat' dir='ltr'><strong>quoque,</strong></span> <span class='ocrx_word' id='word_1_142' title='bbox 1064 2613 1178 2713; x_wconf 81' lang='lat' dir='ltr'><strong>&#39;qnod</strong></span> 
     </span>
     <span class='ocr_line' id='line_1_25' title="bbox 184 2723 1176 2816; baseline -0.002 -22"><span class='ocrx_word' id='word_1_143' title='bbox 184 2728 223 2794; x_wconf 85' lang='lat' dir='ltr'><strong>s&#39;e</strong></span> <span class='ocrx_word' id='word_1_144' title='bbox 239 2723 357 2793; x_wconf 86' lang='lat' dir='ltr'><strong>fidum</strong></span> <span class='ocrx_word' id='word_1_145' title='bbox 370 2725 623 2792; x_wconf 87' lang='lat' dir='ltr'><strong>etsalutarem</strong></span> <span class='ocrx_word' id='word_1_146' title='bbox 638 2723 893 2793; x_wconf 83' lang='lat' dir='ltr'><strong>consultorem</strong></span> <span class='ocrx_word' id='word_1_147' title='bbox 909 2725 1073 2816; x_wconf 80' lang='lat' dir='ltr'><strong>prebuit</strong></span> <span class='ocrx_word' id='word_1_148' title='bbox 1087 2745 1176 2792; x_wconf 88' lang='lat' dir='ltr'><strong>orn·</strong></span> 
     </span>
     <span class='ocr_line' id='line_1_26' title="bbox 185 2821 1201 2914; baseline -0.003 -19"><span class='ocrx_word' id='word_1_149' title='bbox 185 2825 300 2895; x_wconf 87' lang='lat' dir='ltr'><strong>nibus</strong></span> <span class='ocrx_word' id='word_1_150' title='bbox 323 2821 608 2912; x_wconf 70' lang='lat' dir='ltr'><strong>&#39;subjectis‘sibi,</strong></span> <span class='ocrx_word' id='word_1_151' title='bbox 642 2824 708 2914; x_wconf 91' lang='lat' dir='ltr'><strong>qui</strong></span> <span class='ocrx_word' id='word_1_152' title='bbox 730 2825 907 2914; x_wconf 77' lang='lat' dir='ltr'><strong>potestati</strong></span> <span class='ocrx_word' id='word_1_153' title='bbox 931 2837 971 2894; x_wconf 87' lang='lat' dir='ltr'><strong>et</strong></span> <span class='ocrx_word' id='word_1_154' title='bbox 994 2822 1172 2894; x_wconf 86' lang='lat' dir='ltr'><strong>dominio</strong></span> <span class='ocrx_word' id='word_1_155' title='bbox 1199 2821 1201 2825; x_wconf 76' lang='grc'><strong>’</strong></span> 
     </span>
     <span class='ocr_line' id='line_1_27' title="bbox 184 2923 1177 3016; baseline 0.002 -24"><span class='ocrx_word' id='word_1_156' title='bbox 184 2925 265 3014; x_wconf 75' lang='lat' dir='ltr'><strong>ejus</strong></span> <span class='ocrx_word' id='word_1_157' title='bbox 285 2923 730 3016; x_wconf 78' lang='lat' dir='ltr'><strong>septem-subjecerunt.</strong></span> <span class='ocrx_word' id='word_1_158' title='bbox 786 2926 908 2996; x_wconf 79' lang='lat' dir='ltr'><strong>&#39;santa</strong></span> <span class='ocrx_word' id='word_1_159' title='bbox 931 2939 1060 2994; x_wconf 87' lang='lat' dir='ltr'><strong>autem</strong></span> <span class='ocrx_word' id='word_1_160' title='bbox 1078 2945 1177 2994; x_wconf 85' lang='lat' dir='ltr'><strong>usus</strong></span> 
     </span>
     <span class='ocr_line' id='line_1_28' title="bbox 184 3023 1175 3120; baseline 0 -26"><span class='ocrx_word' id='word_1_161' title='bbox 184 3031 240 3094; x_wconf 84' lang='lat' dir='ltr'><strong>est</strong></span> <span class='ocrx_word' id='word_1_162' title='bbox 267 3025 308 3094; x_wconf 89' lang='lat' dir='ltr'><strong>in</strong></span> <span class='ocrx_word' id='word_1_163' title='bbox 329 3023 431 3092; x_wconf 81' lang='lat' dir='ltr'><strong>viros</strong></span> <span class='ocrx_word' id='word_1_164' title='bbox 455 3033 640 3114; x_wconf 81' lang='lat' dir='ltr'><strong>potestate</strong></span> <span class='ocrx_word' id='word_1_165' title='bbox 659 3026 921 3120; x_wconf 71' lang='lat' dir='ltr'><strong>praepollentes</strong></span> <span class='ocrx_word' id='word_1_166' title='bbox 941 3023 1175 3116; x_wconf 83' lang='lat' dir='ltr'><strong>impotentia</strong></span> 
     </span>
     <span class='ocr_line' id='line_1_29' title="bbox 183 3124 1174 3222; baseline 0 -28"><span class='ocrx_word' id='word_1_167' title='bbox 183 3139 223 3194; x_wconf 90' lang='lat' dir='ltr'><strong>et</strong></span> <span class='ocrx_word' id='word_1_168' title='bbox 248 3124 464 3194; x_wconf 84' lang='lat' dir='ltr'><strong>dominandi</strong></span> <span class='ocrx_word' id='word_1_169' title='bbox 491 3124 666 3214; x_wconf 89' lang='lat' dir='ltr'><strong>libidine,</strong></span> <span class='ocrx_word' id='word_1_170' title='bbox 690 3140 734 3193; x_wconf 88' lang='lat' dir='ltr'><strong>nt</strong></span> <span class='ocrx_word' id='word_1_171' title='bbox 762 3126 953 3222; x_wconf 80' lang='lat' dir='ltr'><strong>aegerrime</strong></span> <span class='ocrx_word' id='word_1_172' title='bbox 973 3125 1106 3214; x_wconf 84' lang='lat' dir='ltr'><strong>ferret,</strong></span> <span class='ocrx_word' id='word_1_173' title='bbox 1134 3124 1174 3194; x_wconf 87' lang='lat' dir='ltr'><strong>si</strong></span> 
     </span>
     <span class='ocr_line' id='line_1_30' title="bbox 182 3223 1174 3318; baseline 0.001 -25"><span class='ocrx_word' id='word_1_174' title='bbox 182 3225 245 3294; x_wconf 89' lang='lat' dir='ltr'><strong>cui</strong></span> <span class='ocrx_word' id='word_1_175' title='bbox 263 3225 425 3316; x_wconf 85' lang='lat' dir='ltr'><strong>principi</strong></span> <span class='ocrx_word' id='word_1_176' title='bbox 441 3223 632 3306; x_wconf 83' lang='lat' dir='ltr'><strong>subiectus</strong></span> <span class='ocrx_word' id='word_1_177' title='bbox 655 3239 770 3314; x_wconf 81' lang='lat' dir='ltr'><strong>esset,</strong></span> <span class='ocrx_word' id='word_1_178' title='bbox 799 3226 872 3296; x_wconf 88' lang='lat' dir='ltr'><strong>nisi</strong></span> <span class='ocrx_word' id='word_1_179' title='bbox 899 3224 1081 3318; x_wconf 87' lang='lat' dir='ltr'><strong>quicquid</strong></span> <span class='ocrx_word' id='word_1_180' title='bbox 1106 3247 1174 3294; x_wconf 89' lang='lat' dir='ltr'><strong>ro·</strong></span> 
     </span>
     <span class='ocr_line' id='line_1_31' title="bbox 181 3326 1172 3420; baseline -0.002 -24"><span class='ocrx_word' id='word_1_181' title='bbox 181 3327 359 3420; x_wconf 79' lang='lat' dir='ltr'><strong>gevisset,</strong></span> <span class='ocrx_word' id='word_1_182' title='bbox 385 3330 624 3415; x_wconf 84' lang='lat' dir='ltr'><strong>impetraret,</strong></span> <span class='ocrx_word' id='word_1_183' title='bbox 647 3339 728 3394; x_wconf 89' lang='lat' dir='ltr'><strong>tam</strong></span> <span class='ocrx_word' id='word_1_184' title='bbox 753 3326 942 3397; x_wconf 88' lang='lat' dir='ltr'><strong>ditionem</strong></span> <span class='ocrx_word' id='word_1_185' title='bbox 966 3351 1082 3418; x_wconf 87' lang='lat' dir='ltr'><strong>quam</strong></span> <span class='ocrx_word' id='word_1_186' title='bbox 1101 3348 1172 3395; x_wconf 84' lang='lat' dir='ltr'><strong>res</strong></span> 
     </span>
     <span class='ocr_line' id='line_1_32' title="bbox 181 3425 1172 3522; baseline 0.002 -26"><span class='ocrx_word' id='word_1_187' title='bbox 181 3427 292 3514; x_wconf 85' lang='lat' dir='ltr'><strong>alias,</strong></span> <span class='ocrx_word' id='word_1_188' title='bbox 320 3426 522 3516; x_wconf 86' lang='lat' dir='ltr'><strong>omniaque</strong></span> <span class='ocrx_word' id='word_1_189' title='bbox 541 3449 608 3494; x_wconf 90' lang='lat' dir='ltr'><strong>sno</strong></span> <span class='ocrx_word' id='word_1_190' title='bbox 632 3426 785 3496; x_wconf 89' lang='lat' dir='ltr'><strong>arbitrio</strong></span> <span class='ocrx_word' id='word_1_191' title='bbox 802 3443 1034 3522; x_wconf 86' lang='lat' dir='ltr'><strong>gererentur.</strong></span> <span class='ocrx_word' id='word_1_192' title='bbox 1092 3425 1172 3498; x_wconf 83' lang='lat' dir='ltr'><strong>cui</strong></span> 
     </span>
     <span class='ocr_line' id='line_1_33' title="bbox 178 3526 1172 3619; baseline 0.002 -23"><span class='ocrx_word' id='word_1_193' title='bbox 178 3527 405 3618; x_wconf 89' lang='lat' dir='ltr'><strong>impotentia</strong></span> <span class='ocrx_word' id='word_1_194' title='bbox 433 3549 498 3595; x_wconf 85' lang='lat' dir='ltr'><strong>sua</strong></span> <span class='ocrx_word' id='word_1_195' title='bbox 522 3526 644 3594; x_wconf 80' lang='lat' dir='ltr'><strong>fatalis</strong></span> <span class='ocrx_word' id='word_1_196' title='bbox 666 3526 812 3618; x_wconf 64' lang='lat' dir='ltr'><strong>extitit,</strong></span> <span class='ocrx_word' id='word_1_197' title='bbox 840 3527 981 3619; x_wconf 89' lang='lat' dir='ltr'><strong>quippe</strong></span> <span class='ocrx_word' id='word_1_198' title='bbox 1009 3526 1099 3618; x_wconf 80' lang='lat' dir='ltr'><strong>qui,</strong></span> <span class='ocrx_word' id='word_1_199' title='bbox 1123 3542 1172 3598; x_wconf 89' lang='lat' dir='ltr'><strong>ut</strong></span> 
     </span>
     <span class='ocr_line' id='line_1_34' title="bbox 152 3625 1171 3722; baseline 0.006 -31"><span class='ocrx_word' id='word_1_200' title='bbox 152 3683 157 3691; x_wconf 93' lang='lat'><strong><em>.</em></strong></span> <span class='ocrx_word' id='word_1_201' title='bbox 179 3625 239 3698; x_wconf 87' lang='lat' dir='ltr'><strong>res</strong></span> <span class='ocrx_word' id='word_1_202' title='bbox 254 3627 400 3714; x_wconf 89' lang='lat' dir='ltr'><strong>docuit,</strong></span> <span class='ocrx_word' id='word_1_203' title='bbox 426 3628 579 3698; x_wconf 90' lang='lat' dir='ltr'><strong>nullum</strong></span> <span class='ocrx_word' id='word_1_204' title='bbox 593 3627 634 3696; x_wconf 92' lang='lat' dir='ltr'><strong>in</strong></span> <span class='ocrx_word' id='word_1_205' title='bbox 650 3626 793 3722; x_wconf 79' lang='lat' dir='ltr'><strong>agendo</strong></span> <span class='ocrx_word' id='word_1_206' title='bbox 811 3629 973 3698; x_wconf 86' lang='lat' dir='ltr'><strong>servaret</strong></span> <span class='ocrx_word' id='word_1_207' title='bbox 991 3627 1171 3715; x_wconf 80' lang='lat' dir='ltr'><strong>modum,</strong></span> 
     </span>
     <span class='ocr_line' id='line_1_35' title="bbox 181 3726 1170 3820; baseline 0.001 -24"><span class='ocrx_word' id='word_1_208' title='bbox 181 3750 269 3796; x_wconf 90' lang='lat' dir='ltr'><strong>cum</strong></span> <span class='ocrx_word' id='word_1_209' title='bbox 298 3727 416 3819; x_wconf 85' lang='lat' dir='ltr'><strong>nimia</strong></span> <span class='ocrx_word' id='word_1_210' title='bbox 450 3750 539 3798; x_wconf 91' lang='lat' dir='ltr'><strong>usus</strong></span> <span class='ocrx_word' id='word_1_211' title='bbox 567 3726 1170 3820; x_wconf 81' lang='lat' dir='ltr'><strong>festinatione,properandique</strong></span> 
     </span>
     <span class='ocr_line' id='line_1_36' title="bbox 179 3823 1171 3922; baseline -0.002 -24"><span class='ocrx_word' id='word_1_212' title='bbox 179 3827 356 3918; x_wconf 84' lang='lat' dir='ltr'><strong>abreptus</strong></span> <span class='ocrx_word' id='word_1_213' title='bbox 385 3829 529 3916; x_wconf 86' lang='lat' dir='ltr'><strong>studio,</strong></span> <span class='ocrx_word' id='word_1_214' title='bbox 553 3849 683 3922; x_wconf 83' lang='lat' dir='ltr'><strong>regem</strong></span> <span class='ocrx_word' id='word_1_215' title='bbox 712 3826 875 3898; x_wconf 88' lang='lat' dir='ltr'><strong>Olavum</strong></span> <span class='ocrx_word' id='word_1_216' title='bbox 891 3823 1074 3922; x_wconf 80' lang='lat' dir='ltr'><strong>Tryggvii</strong></span> <span class='ocrx_word' id='word_1_217' title='bbox 1092 3829 1171 3897; x_wconf 84' lang='lat' dir='ltr'><strong>fili·</strong></span> 
     </span>
     <span class='ocr_line' id='line_1_37' title="bbox 178 3919 1170 4032; baseline 0.004 -36"><span class='ocrx_word' id='word_1_218' title='bbox 178 3951 266 4020; x_wconf 88' lang='lat' dir='ltr'><strong>um,</strong></span> <span class='ocrx_word' id='word_1_219' title='bbox 290 3927 442 4000; x_wconf 88' lang='lat' dir='ltr'><strong>affinem</strong></span> <span class='ocrx_word' id='word_1_220' title='bbox 451 3919 587 4021; x_wconf 74' lang='lat' dir='ltr'><strong>suum,</strong></span> <span class='ocrx_word' id='word_1_221' title='bbox 610 3951 704 4000; x_wconf 84' lang='lat' dir='ltr'><strong>nave</strong></span> <span class='ocrx_word' id='word_1_222' title='bbox 719 3951 786 4000; x_wconf 82' lang='lat' dir='ltr'><strong>sua</strong></span> <span class='ocrx_word' id='word_1_223' title='bbox 802 3927 935 4002; x_wconf 82' lang='lat' dir='ltr'><strong>bellica</strong></span> <span class='ocrx_word' id='word_1_224' title='bbox 949 3942 1170 4032; x_wconf 68' lang='lat' dir='ltr'><strong>provectus</strong></span> 
     </span>
    </p>
   </div>
   <div class='ocr_carea' id='block_1_3' title="bbox 0 0 1302 4784">
    <p class='ocr_par' dir='ltr' id='par_1_4' title="bbox 0 0 1302 4784">
     <span class='ocr_line' id='line_1_38' title="bbox 0 0 1302 4784; baseline 0 6"><span class='ocrx_word' id='word_1_225' title='bbox 0 0 1302 4784; x_wconf 95' lang='lat' dir='ltr'><strong> </strong></span> 
     </span>
    </p>
   </div>
  </div>
 </body>
</html>
