2514 4782
254 288 364 380 230
559 305 831 408 m
949 376 952 381 Ι
1082 309 1207 396 §.84

217 532 326 588 runt:
355 515 503 610 primo,
527 511 678 606 quando
694 525 893 604 ponuntur
904 509 948 580 in
968 509 1043 578 fine
1064 505 1210 577 utrius-

217 632 296 712 que
330 615 591 708 semistrophae
629 616 670 698 (i.
712 639 745 684 e.
787 615 830 684 in
880 631 993 688 versu
1043 610 1210 699 'strophe

217 733 351 811 quarto
381 732 420 788 et
443 715 613 812 octavo),
637 715 746 788 utin
774 714 1076 804 Bandadra‘pa,
1106 711 1210 801 quod

216 819 292 892 alio
311 821 397 906 loco
424 817 600 892 adnotavi
624 819 773 908 (Script.
799 814 896 886 Hist.
921 811 984 880 Isl.
1003 811 1084 884 Vol.
1105 820 1150 901 2,
1173 834 1209 901 p.
1250 843 1251 882 r

215 916 403 1008 tta-tilla
428 921 531 1016 quod
548 943 628 992 non
637 915 847 990 observavit
857 914 1052 986 tolenus
1068 914 1208 996 (Nord.
1250 889 1251 972 i

214 1046 254 1117 g.
271 1022 423 1116 Dtgtet.
440 1045 520 1116 cap.
540 1019 613 1116 5§.
634 1027 700 1104 tt).
755 1016 942 1104 Secundo,
969 1011 1120 1105 'quando
1143 1035 1209 1103 pn·

216 1138 362 1226 nuntur
375 1122 540 1198 ininitio
565 1139 606 1194 et
623 1122 701 1194 fine
725 1120 928 1208 utriusque
947 1113 1207 1206 semistrnphae

216 1222 259 1309 (i.
284 1248 316 1296 e.
334 1223 378 1296 in
400 1222 520 1298 versu
540 1225 684 1320 primo,
708 1237 864 1317 quarto,
888 1217 1021 1310 quinto
1046 1228 1085 1282 et
1107 1229 1207 1283 octa·-

216 1329 290 1419 vo),
315 1326 419 1400 utin
440 1327 610 1400 Jomiade
632 1314 1087 1418 (Jdmwr‘tr'ugadrrtpa.),
1124 1316 1205 1384 vide

216 1428 374 1500 Forum.
391 1431 473 1503 Vol.
493 1441 555 1516 tt,
580 1449 662 1524 pag.
677 1431 837 1500 rot-173.
1250 1395 1251 1468 i

318 1526 354 1623 ὅ.
376 1535 408 1604 4.
470 1532 648 1602 Alterum
687 1545 831 1598 nomen
861 1535 919 1590 est
955 1517 1203 1609 Olafsclra'pa

217 1623 432 1704 tvlskoelda.
494 1637 556 1706 De
582 1629 749 1702 lectione
783 1622 982 1704 tolsltoeldr
1009 1618 1098 1710 quid
1124 1637 1202 1684 sen·

214 1728 345 1818 serim,
369 1755 484 1826 supra
506 1728 661 1828 quidem
679 1729 777 1816 (Vol.
797 1735 829 1813 9,
855 1741 951 1815 pag..
964 1724 1128 1802 aso-297)
1153 1717 1204 1782 di·

215 1849 301 1900 cere
315 1836 590 1930 praeoccupavi‚
612 1833 678 1906 ubi
700 1831 745 1901 de
762 1826 908 1900 duobus
924 1817 1035 1890 metri
1061 1819 1204 1914 generi-

158 2015 161 2030 Ι
183 1964 185 1967 ·
215 1927 298 2018 bus,
314 1937 557 2027 skjdlflzendt
567 1951 607 2008 et
619 1934 802 2023 tvtstetjt,
817 1945 939 2018 pauca
949 1919 1069 1990 attuli.
1110 1917 1203 1986 Cum

216 2049 306 2102 vero
328 2033 369 2104 in
386 2035 525 2110 Codice
542 2035 772 2133 Byrgeriano
800 2029 875 2098 hoc
899 2043 1053 2092 carmen
1072 2018 1204 2088 diserte

215 2134 430 2222 appelletur
456 2141 638 2232 zuiskelfcl
660 2138 794 2228 dra'pa
819 2143 988 2210 (narnien
1013 2120 1204 2189 intercala-

215 2244 301 2303 tum
314 2235 594 2332 bitremulum),
607 2259 710 2310 nunc
724 2255 805 2304 non
822 2227 953 2300 dubito
968 2223 1067 2292 hanc
1082 2220 1203 2288 lectio-

216 2349 305 2404 nem
337 2342 535 2433 proeferre,
571 2365 663 2412 curn
696 2359 743 2408 ex
774 2357 819 2404 ea
852 2322 1032 2420 explicari
1064 2321 1203 2414 possint

218 2450 351 2506 ceterae
373 2440 568 2534 lectiones,
592 2439 796 2516 tvr'skoeldr
817 2446 856 2504 et
875 2425 1069 2508 tentetur,
1091 2445 1123 2490 a:
1143 2442 1204 2511 per

214 2554 411 2632 tyncopeu
431 2549 538 2638 tuf,
557 2567 646 2618 cum
670 2533 887 2634 epenthesis
912 2552 956 2600 τε
978 2525 1013 2618 f
1038 2545 1125 2592 cum
1151 2543 1203 2589 ce·

216 2637 309 2708 teris
327 2641 557 2721 lectionibus
576 2641 771 2718 conciliari
788 2641 963 2725 nequeat.
1004 2624 1108 2696 Tum
1121 2643 1203 2690 vero

216 2742 376 2826 questio
401 2750 541 2840 oritur,
565 2743 756 2839 quomodo
787 2738 869 2804 haec
887 2725 1101 2818 ,appellatio
1124 2745 1204 2819 con·

215 2837 335 2914 viliori
356 2853 503 2938 possit·
525 2873 616 2932 cum
650 2841 805 2938 regulis·
837 2833 951 2908 Eddae
989 2825 1205 2906 Snorrianae‚

215 2959 301 3028 ΨΘ
328 2944 529 3046 distinguit
547 2953 647 3020 inter
668 2957 837 3016 metrum
860 2927 1074 3002 tremulum
1094 2936 1133 2994 et
1155 2922 1206 2990 bi·

213 3045 453 3136 tremulumt
476 3076 588 3142 nam,
604 3050 652 3124 ..si
678 3061 835 3120 carmen
860 3026 1072 3106 secundum
1103 3045 1205 3120 regu·

214 3137 271 3212 les
296 3146 456 3224 Eddioas
478 3154 692 3236 examinas,
726 3143 854 3216 multo
889 3133 1019 3226 plures
1047 3127 1207 3218 reperies

214 3257 578 3344 versustremulos,
608 3273 725 3344 qnam
761 3233 1006 3318 bitremuloe,
1038 3241 1084 3298 ut
1112 3226 1206 3294 hanc

215 3338 572 3439 denominationem
600 3375 646 3421 err
670 3361 779 3442 parte
809 3332 949 3432 potiori
972 3353 1052 3413 non
1076 3328 1207 3396 factam

216 3463 299 3514 esse
311 3447 516 3547 intelligas.
572 3451 648 3522 Sed
662 3447 943 3518 consideremus
962 3429 1207 3522 perexiguum

210 3540 314 3642 illud
340 3551 558 3644 discrimen,
588 3549 698 3646 qnod.
726 3546 830 3620 Edda
855 3540 1033 3619 docente,
1061 3531 1208 3600 interest

100 3735 107 3746 ,
214 3645 317 3720 inter
339 3651 423 3730 hec
455 3659 573 3729 metri
600 3675 758 3752 genera:
791 3647 835 3715 in
858 3649 982 3710 metro
1009 3628 1206 3700 bitremulo

214 3749 358 3839 syllaba
382 3759 544 3830 metrica
560 3759 666 3849 prior
689 3751 854 3846 primam
878 3734 1064 3831 syllabam
1089 3747 1208 3795 versus

215 3867 398 3944 occupat,
425 3857 681 3942 intremuit),
713 3843 935 3922 secundam.
987 3838 1045 3904 En
1067 3824 1205 3899 totum!

210 3945 306 4022 ΗΜ
321 3969 484 4049 utraque
502 3960 660 4028 variatio
686 3949 864 4044 primitus
882 3938 931 4010 ad
951 3946 1120 4006 metrum
1139 3945 1207 4028 tre·

215 4050 624 4151 mulumpertinnisse
643 4054 827 4146 ridetur,
862 4055 902 4112 et
920 4039 1014 4128 ture
1040 4029 1207 4125 quidem

216 4153 404 4240 pertinuit
427 4184 582 4253 quoque
604 4156 735 4231 seculo
767 4141 991 4226 undecimo,
1024 4156 1100 4228 quo
1136 4127 1204 4199 hoc
