2534 4778
31 318 74 386 o.
92 316 131 385 1.
405 304 675 372 ...····.....···-·=
904 293 977 380 73

30 517 132 588 lum
152 541 202 588 ex
228 514 352 604 Osta',
382 515 651 612 Hiaimgrimus
670 531 797 590 autem
828 515 951 587 dictus
987 536 1043 590 est

31 619 125 707 vir,
164 621 214 689 ab
241 607 394 690 Olvere
399 617 577 685 delectus.
643 619 722 689 Etsi
746 641 833 687 vero
857 627 978 709 poe'tae
1000 621 1041 689 in

34 715 189 788 odium
208 717 310 814 regis
326 731 585 810 pervenerant,
608 731 747 806 tamen,
781 723 948 811 quamvis
968 720 1040 790 hoc

33 819 211 890 instaret
235 817 472 912 periculum,
497 841 609 888 nemo
629 842 675 886 ex
695 819 742 886 iis
760 819 906 890 socium
927 843 1040 893 suum

35 919 227 991 deserere
243 917 374 992 voluit.
427 919 502 1014 Qui
518 921 740 1010 comparati
758 933 895 1003 essent,
913 945 1039 1017 regem

33 1021 230 1091 adierunt
239 1044 439 1112 ,eumque
464 1020 736 1111 salutaverunt,
770 1035 961 1114 petentes,
995 1041 1040 1090 ut

32 1123 255 1212 inceptum
271 1120 504 1192 iteraddita'
493 1122 611 1214 1psius
627 1121 780 1192 fortuna
798 1122 1038 1212 secundaret3

35 1224 116 1290 etsi
134 1246 232 1293 vero
248 1245 315 1294 rex
325 1225 441 1292 iratus
461 1237 552 1311 erat,
569 1238 709 1312 tamen,
728 1221 832 1315 quod
846 1223 1038 1310 petebant,

35 1323 267 1414 pollicitus,
293 1337 333 1394 et
353 1323 510 1392 abituris
535 1325 635 1393 bene
659 1338 836 1416 precatus
856 1337 922 1391 est.
978 1325 1037 1392 Sic

34 1445 106 1490 sex
131 1446 216 1492 una
240 1425 383 1515 equites
404 1423 608 1494 discedunt.
662 1429 766 1498 Tum
788 1425 942 1495 Audun:
971 1445 1037 1516 op-

34 1524 193 1592 timum
210 1525 313 1595 factu
328 1523 495 1611 videtur,
519 1525 666 1616 inquit,
691 1529 762 1596 etsi
778 1525 818 1594 in
834 1525 961 1594 odium
979 1548 1036 1592 re-

34 1624 97 1718 gis
112 1626 370 1706 incurrimus,
394 1639 439 1693 ut
463 1626 720 1714 ostendamus,
742 1647 810 1696 nos
838 1627 979 1695 multos
996 1637 1036 1693 et

35 1725 199 1796 nobiles
219 1726 357 1798 habere
375 1738 573 1820 cognatos3
592 1750 739 1818 quaree
754 1749 795 1796 re
811 1739 940 1796 nostra
954 1749 1033 1794 esse

35 1825 215 1915 videtur,
269 1878 782 1900 .........
794 1837 809 1869 ⁸
831 1826 1032 1914 auxilium,

35 1947 165 2014 quam
178 1927 282 1996 hoc
271 1941 344 1998 iter
362 1927 577 2028 susciperet.
632 1931 714 2022 Quo
737 1927 893 1997 consilio
911 1926 954 1995 ab
974 1947 1033 1996 ce·

34 2027 137 2096 teris
175 2028 355 2120 probato,
391 2017 506 2098 Olver
534 2030 604 2098 ait:
640 2027 809 2124 Hringus
844 2028 1000 2096 Albus
990 2051 1032 2098 m

36 2127 286 2198 Sunnmaeria
295 2127 527 2246 ‘propinqua
553 2131 774 2226 cognatione
795 2127 934 2197 mihi
923 2149 1032 2214 Junc-

38 2237 109 2294 tus
131 2241 213 2317 est,
241 2231 381 2324 quippe
394 2231 600 2300 avunculus
614 2252 738 2312 meus5
764 2229 866 2300 idem
882 2228 926 2297 ab
944 2249 1031 2324 rege

36 2328 394 2420 Haraldopraefecti
417 2329 599 2426 dignitate
624 2347 795 2413 ornatum
820 2327 923 2397 hune
945 2348 1033 2396 con·

37 2427 197 2518 venire,
224 2444 263 2498 et
279 2432 360 2520 ejus
375 2433 595 2502 societatem
612 2431 745 2500 adhoc
762 2431 835 2502 iter
852 2442 1029 2521 expetere

38 2528 186 2599 statui:
219 2524 368 2618 juvenis
395 2531 498 2601 enim
522 2546 597 2620 est,
631 2545 669 2600 et
693 2532 837 2601 eximias
870 2532 970 2623 spei,
1007 2550 1030 2600 a

40 2652 123 2720 quo
142 2646 338 2702 strenuam
355 2655 510 2727 operam
524 2645 741 2724 exspectare
753 2654 822 2723 par
839 2631 898 2718 sit,
913 2633 1028 2719 siqua

37 2730 94 2800 in·
107 2753 154 2798 re
180 2753 274 2822 opus
295 2733 376 2804 erit.
429 2737 531 2808 Tum
549 2733 705 2806 Audun:
733 2749 788 2802 est
812 2731 908 2802 mihi
931 2751 1028 2825 cog-

35 2848 180 2918 natuS,
211 2832 366 2903 nomine
392 2833 644 2920 Thorfinnus,
675 2833 846 2926 praefecti
876 2855 1028 2922 quoque

37 2931 231 3026 dignitate
246 2933 292 3003 ab
306 2955 394 3030 rege
415 2933 575 3004 Haraldo
600 2947 772 3018 ornatus,
791 2931 1026 3025 provinciam

37 3031 362 3104 Naumdalensem
390 3048 544 3125 tenens,
583 3031 794 3104 octodecim
826 3054 1026 3121 annorum,

39 3135 272 3226 cognomine
295 3135 504 3218 Robustum
540 3133 571 3205 is
599 3133 860 3204 haereditatem
881 3147 1042 3228 apatre„

37 3250 237 3326 acceptam
253 3256 376 3329 nuper
394 3231 506 3319 adiit3
528 3233 632 3305 hunc
649 3255 720 3328 ego
746 3234 893 3305 socium
914 3236 1024 3306 itine-

37 3334 90 3402 ris
110 3343 309 3426 expetam,
333 3358 392 3406 res
423 3337 526 3406 enim
556 3335 726 3425 docebit,
753 3335 862 3405 credo
873 3357 1024 3425 ,quem

36 3433 191 3503 tenebit
217 3436 347 3506 locum
373 3459 535 3507 vacuum
560 3457 638 3506 non
662 3459 751 3506 esse.
805 3437 861 3506 Ab
884 3435 942 3504 his
962 3437 1023 3506 di-

36 3531 288 3626 grediuntur,
313 3561 426 3608 suum
443 3539 604 3640 quisque
629 3549 830 3630 cognatum
851 3535 1036 3621 visitant3

36 3651 77 3702 et
100 3636 258 3725 quidem
282 3637 405 3753 primo
436 3639 481 3708 de
519 3628 653 3708 &lvere
685 3651 876 3725 narratur,
918 3639 1021 3727 quod

33 3753 214 3805 austrum
232 3761 360 3808 versus
380 3739 421 3809 in
450 3740 621 3812 Maeriam
645 3738 880 3828 profectus‚·
871 3759 1020 3831 perve-

34 3840 306 3860 -ι-ι-ι.

78 3890 103 3957 ¹)
123 3891 180 3942 Kol
199 3911 227 3944 or
240 3891 331 3962 ortu]
352 3892 420 3944 Kolo
429 3891 531 3964 fristra,
551 3891 687 3943 alumnum
706 3890 793 3958 Kolae,
815 3891 924 3942 membr.
947 3895 1020 3963 quod

33 3985 131 4034 rectius
152 3993 200 4048 est,
221 3980 284 4038 vide
300 4002 361 4054 pag.
353 3982 422 4050 .76,
442 3995 505 4036 text.
522 3981 565 4034 isl.
602 3979 628 4048 ²)
645 3981 818 4048 haeclacuna,
837 4001 897 4052 quae
915 3988 944 4034 in
957 4003 1019 4035 om-

33 4073 112 4124 nibus
133 4069 222 4126 codd.
240 4087 287 4142 est,
306 4077 335 4127 is
347 4077 495 4129 membrana
514 4077 627 4144 spatium
645 4087 744 4190 septem
758 4074 911 4125 linearum·
902 4092 1018 4167 impres-

33 4185 119 4218 sorum
139 4178 272 4238 exequat.
