2594 4784
318 255 379 346 64
605 269 874 306 ····““··
1039 283 1239 354 cess-nr.

255 507 353 572 sam,
378 483 511 574 ingens
527 475 593 549 ille
608 475 685 567 vir,
713 499 802 548 cum
823 480 967 572 templo
983 483 1238 577 egrederetur,

257 593 424 662 Gaurum
437 579 483 651 ad
499 602 536 650 se
552 595 673 665 vocat,
696 577 823 670 sicque
841 583 1065 674 alloquitur:
1091 587 1133 656 in
1147 589 1241 658 Nor·

257 689 404 780 regiam
429 680 602 766 veniens,
640 681 815 752 Einarem
842 683 1239 758 Thambarskelferem

257 811 343 862 meo
362 781 516 854 nomine
536 781 678 857 salvete
697 781 809 870 jube,
835 806 911 874 quo
931 784 1042 858 addas
1050 819 1067 876 ,·
1086 811 1149 856 me
1164 788 1239 856 tale

259 891 304 960 de
324 912 368 956 eo
382 881 575 973 ,judicium
599 881 743 971 facere,
784 885 977 954 neminem
998 888 1040 957 in
1061 888 1240 979 Serpeute

258 988 448 1061 strenuius
474 1004 518 1050 eo
548 1003 749 1076 pugnasse,
785 999 823 1054 et
849 999 893 1054 ut
924 1009 1029 1056 veras
1060 987 1239 1058 adhibeas

259 1109 434 1172 tesseras,
461 1082 560 1173 quod
578 1105 666 1152 vera
683 1083 801 1172 diens,
837 1085 931 1156 offer
955 1085 1013 1156 illi
1035 1088 1141 1158 hunc
1163 1089 1240 1156 cul-

259 1208 362 1262 trum
378 1203 415 1256 et
429 1206 584 1271 zonam,
612 1205 696 1272 quae
712 1188 747 1255 ei
760 1187 891 1258 mitto:
918 1203 1003 1257 tum
1020 1188 1055 1258 ei
1070 1187 1186 1260 tradit
1199 1190 1238 1258 in

259 1309 393 1361 manus
415 1286 584 1354 cultrum
612 1297 650 1352 et
674 1308 826 1374 zonam,
858 1287 981 1358 resin
1006 1310 1074 1360 suo
1101 1311 1237 1384 genere

258 1403 489 1484 praestantes.
540 1384 689 1458 Deinde
703 1387 747 1464 ad
766 1389 921 1458 domum
932 1387 1120 1479 lapideam
1131 1387 1237 1476 redit,

259 1502 521 1584 procuratores
540 1507 625 1556 vero
644 1487 809 1558 Gaurum
825 1490 865 1558 in
887 1489 1108 1558 cubiculum
1127 1487 1238 1557 dedu-

236 1581 361 1662 ‘ount
421 1587 699 1658 Animadvertit
725 1589 893 1674 Gautus,
917 1587 1020 1660 hunc
1058 1589 1239 1680 spectabi-

259 1694 336 1762 lem
354 1689 480 1761 virum
494 1690 533 1758 in
547 1700 653 1758 tanto
684 1688 827 1760 honore
858 1713 955 1774 esse,
978 1703 1021 1759 ut
1044 1691 1172 1760 omnia
1196 1712 1237 1758 ex

262 1795 342 1881 ejus
358 1807 455 1860 nutu
475 1790 516 1858 in
534 1811 578 1858 ea
596 1788 690 1856 urbe
716 1806 960 1883 gererentur,
991 1791 1096 1882 quasi
1121 1813 1188 1860 rex
1205 1791 1238 1860 ei

261 1898 345 1966 loco
363 1906 545 1980 praeesset.
598 1889 739 1961 Eodem
762 1891 822 1960 die
841 1893 987 1980 Gautus
1010 1890 1058 1960 ad
1087 1891 1239 1962 domum
1276 1883 1277 1894 ’

261 1992 446 2086 lapideam
473 1989 602 2081 magni
626 1989 731 2058 illius
761 1991 832 2060 viri
853 2015 892 2061 se
907 1992 1089 2080 contulit,
1116 1991 1238 2082 requi·

261 2097 416 2180 siturus,
458 2089 596 2178 siquid
624 2091 760 2160 certius
782 2091 960 2184 expiscari
977 2109 1122 2184 posset,
1157 2091 1237 2184 quis

264 2209 378 2280 esset,
405 2191 469 2260 sed
486 2190 620 2260 domus
637 2191 761 2262 clausa
779 2207 877 2275 erat,
900 2215 1017 2283 quare
1035 2195 1180 2266 Gautus
1196 2191 1238 2261 ad

265 2293 487 2365 cubiculum
517 2290 636 2360 rediit.
689 2293 833 2364 ·Tertio
860 2293 921 2363 die
950 2317 1062 2364 mane
1096 2295 1237 2365 Gsutus

263 2396 367 2482 abiit,
385 2393 458 2479 cui,
474 2395 579 2478 jussu
589 2395 717 2487 magni
726 2393 828 2462 illius
837 2394 918 2483 viri,
936 2394 1048 2464 duces
1056 2393 1126 2466 viae
1141 2393 1237 2464 etin-

262 2508 458 2584 terpretes,
479 2492 912 2581 donectrajectomariin
923 2495 1238 2586 Groeciarnperve-

264 2593 782 2682 nisseuadditisuutcomites.
808 2595 1237 2666 Gautusahitinerenon
1275 2621 1276 2634 ¹

262 2699 367 2788 prius
387 2693 526 2762 destitit
536 2716 648 2782 quam
665 2694 706 2762 in
724 2700 756 2766 N
760 2696 948 2790 orvegiam
965 2697 1148 2788 pervenit,
1174 2694 1235 2764 ubi

263 2798 440 2870 Einarem
464 2793 858 2874 Thambarskelferem
893 2797 1086 2888 convenit,
1128 2797 1235 2888 eique

265 2900 432 2966 cultrum
448 2910 485 2964 et
501 2915 634 2964 zonam
653 2895 785 2983 tradit,
812 2897 1014 2986 omniaque
1029 2897 1074 2966 de
1099 2921 1167 2966 suo
1182 2895 1238 2965 iti·

261 3020 352 3068 nere
374 2995 539 3084 exponit,
570 3011 607 3066 et
630 2997 721 3087 quid
740 2995 819 3088 ipse
843 3019 886 3064 ac
911 3018 1070 3090 magnus
1098 2999 1163 3066 ille
1186 2997 1237 3064 vir

262 3098 361 3168 inter
373 3120 410 3162 se
422 3096 598 3164 collocuti
610 3097 777 3166 fuissent.
796 3097 941 3189 Quibus
953 3097 1109 3190 cognitis
1117 3099 1237 3185 Einar,

143 3261 150 3276 ,
264 3198 306 3268 in
330 3197 501 3271 lacrimas
531 3217 753 3286 erumpens:
786 3197 1004 3287 veredicis,
1030 3199 1152 3270 Gaute
1173 3198 1238 3267 ira·

264 3296 341 3372 ter!
368 3312 408 3366 tu
428 3317 514 3365 sane
538 3297 695 3365 Olnvum
716 3298 899 3393 Tryggvii
921 3299 1044 3368 filium
1068 3297 1237 3368 conveni·

265 3400 325 3486 sti,
343 3411 458 3487 atque
475 3398 504 3464 is
520 3397 617 3464 mihi
631 3397 698 3466 has
715 3423 771 3468 res
786 3401 954 3489 prolecto
971 3398 1084 3468 misit.
1134 3401 1237 3470 Hanc
1274 3423 1275 3426 ¹

265 3497 516 3570 narrationem
537 3497 668 3577 Teitus
678 3499 824 3592 Asgeris
840 3498 938 3568 filius
953 3525 974 3568 a
989 3498 1068 3570 viro
1086 3500 1236 3592 integre

265 3600 351 3670 fidei
384 3613 421 3668 et
453 3597 639 3686 sapiente,
684 3598 893 3668 Thurarine
922 3599 1136 3670 Thorvaldi
1163 3598 1235 3670 filio
1274 3627 1275 3638 ¹

266 3699 428 3779 audivit,
463 3697 665 3769 Thorarini
690 3716 817 3770 autem
848 3699 928 3791 ipse
964 3701 1079 3772 Einer
1103 3700 1237 3781 Tham·

265 3797 470 3870 barskelfer
485 3823 565 3868 rem
583 3801 757 3868 narravit.

267 3903 346 3973 Res
363 3901 462 3970 inter
479 3921 603 3992 regem
612 3901 839 3972 Harnldum
855 3914 891 3973 et
900 3902 1086 3974 Einnrem
1105 3901 1236 3974 Tham-

464 3999 732 4087 bnrslcelserem
760 4002 1044 4076 intercedentes.
1105 4041 1108 4052 ·

269 4157 274 4162 .
320 4097 406 4188 Cap.
423 4107 496 4204 284.
549 4099 826 4183 RenHaraldus
844 4099 993 4194 sigerd}
1013 4099 1126 4188 filius,
1146 4119 1236 4170 mor·

267 4215 336 4269 tuo
355 4219 443 4293 rege
465 4205 606 4296 Magno
626 4201 734 4272 Olavi
750 4201 841 4294 silio,
864 4201 966 4272 solus
982 4225 1143 4299 regnum
1153 4203 1238 4272 Nor·
1273 4287 1274 4296 ἵ
