2514 4782
1 189 2 196 ‘
55 217 143 288 nt.
427 202 696 266 .....····..·:····......
896 182 984 271 187

56 419 146 493 bus.
183 409 353 488 Prostins
369 407 412 480 iu
428 408 690 501 pavimentum
702 419 945 504 progressus:
968 410 1052 500 quis

57 519 264 590 adversum
287 538 350 584 me
384 511 583 606 procedet?
621 511 853 585 Fullsterkus
887 513 1051 604 excepit:

58 619 191 695 aderit
216 615 370 708 aliquis,
396 613 518 682 credo.
571 618 653 685 lam
669 613 974 711 congrediuntur,
997 613 1054 682 in·

60 719 191 789 vicem
215 716 336 787 valide
360 728 567 806 reptantes,
597 715 739 786 Frostio
769 717 936 784 multum
967 712 1056 782 viri·

60 821 136 891 bus
165 817 371 911 superiore.
416 815 501 909 'Qui
527 839 615 886 cum
637 813 683 886 ad
698 817 976 888 ⁴Godmuudum
998 817 1056 890 in·

61 936 125 991 ter
153 917 390 990 luctandum
410 915 667 1006 deferrentur,
697 917 863 990 Frostius
888 917 1058 1012 adversa-

63 1021 175 1094 rium
198 1021 241 1092 in
264 1035 398 1110 pectus
433 1017 606 1106 elevans,
623 1038 777 1112 :corpus
811 1017 918 1091 valde
950 1014 1059 1095 recli-

68 1121 194 1204 navit.
263 1118 472 1197 Thorstein
504 1119 640 1212 pedem
663 1119 981 1216 poplitibusejus
1002 1116 1060 1184 in-

67 1223 230 1310 cussit,·
247 1221 302 1290 ita
321 1235 366 1290 ut
392 1221 556 1298 Frustius
580 1223 779 1314 resupinus
800 1221 967 1307 caderet,
1001 1241 1062 1287 su·

68 1346 223 1417 perque
249 1345 340 1392 eum
374 1322 632 1405 Fullsterkusp
666 1325 811 1394 Frostio
841 1322 992 1414 occiput
1024 1332 1064 1388 et

67 1440 248 1495 extrema
261 1421 481 1500 cubitorum
501 1423 840 1496 contundebantur.
892 1424 973 1510 lue,
991 1435 1063 1488 tar-

69 1525 162 1598 dius
182 1544 400 1618 resurgensr
425 1545 490 1593 vos
510 1546 588 1594 non
607 1525 677 1594 soli
701 1527 892 1596 ludicrum
918 1544 1072 1604 exerce7¹

71 1627 147 1708 tis;
172 1647 288 1694 curve
314 1623 513 1704 comitatus
539 1640 662 1694 vester
694 1641 772 1698 tarn
796 1625 897 1700 male
930 1621 1065 1698 foetet?

73 1725 155 1796 Cui
188 1727 437 1796 Fullster'kus:
463 1725 587 1795 brevis
611 1727 773 1818 olfactui,
789 1729 835 1797 ab
860 1750 949 1814 uaso
965 1724 1010 1796 ad
1026 1745 1067 1790 os

74 1828 153 1904 via,
216 1831 321 1899 Tum
343 1827 453 1900 Jukul
474 1826 611 1922 surgit3
647 1815 751 1898 hunc
776 1829 980 1902 Allsterkus
1009 1824 1069 1894 sd-

75 1925 270 2020 greditur3
298 1931 464 2020 'uterque
486 1949 636 1999 summa
662 1932 893 2014 strenuitate,
918 1946 1070 2022 congre*

75 2029 196 2104 ditur.
231 2027 441 2104 austerius
456 2029 501 2096 ab
517 2027 669 2119 thule,
694 2041 829 2122 utpote
850 2031 1070 2114 robustiore,

79 2130 134 2200 ad
146 2137 363 2217 scamnum,
387 2129 456 2198 ulii
476 2131 845 2222 aderasTh01·srein‚-
860 2131 1070 2220 repellitur.

80 2234 211 2324 Quem
233 2231 344 2300 thul
367 2255 389 2300 a
414 2254 568 2302 scamno
591 2234 783 2306 retrahere
810 2247 966 2320 conans,
990 2229 1072 2308 solo

78 2331 246 2410 fortiter
263 2331 424 2401 obnixus
453 2348 529 2418 ests
562 2335 767 2411 Thorstein
791 2358 880 2406 vero
906 2357 995 2408 eum
1018 2353 1077 2400 re-

82 2432 217 2501 tinuit.
269 2432 732 2530 sororiantesadhibuit
754 2437 862 2522 vires,
886 2449 929 2511 ut
950 2436 992 2506 in
1013 2456 1077 2526 pa-

81 2531 299 2602 vimentum
321 2534 416 2602 aulai
433 2536 521 2604 ,talo
549 2551 658 2608 tenus
689 2552 927 2628 penetraret3
959 2535 1079 2606 Thor-

86 2633 191 2702 steiu-
209 2657 298 2702 vero
314 2635 562 2705 .Alls'terkum
586 2661 673 2706 ase
697 2640 856 2730 repulit,
880 2655 996 2732 quare
1021 2640 1080 2706 Jo-

84 2732 158 2806 lsu'l
182 2731 397 2828 interguni
422 2735 628 2828 ¹collapsus,
647 2761 799 2832 pesque
824 2743 907 2824 eius
931 2741 1081 2810 iuratus

91 2845 168 2928 est.v
231 2835 451 2906 Allsterkus'
468 2837 511 2905 in
541 2857 740 2924 scamnum
770 2841 941 2923 recessim
972 2836 1082 2910 J'okul

88 2955 206 3022 vero,
231 2931 372 3005 tardius
396 2947 619 3032 resurgens:
640 2965 720 3011 non
744 2944 815 3014 hos
839 2937 1082 3014 omnesvitle·

89 3057 197 3121 mus,
221 3036 369 3127 inquit„
391 3039 459 3130 qul
482 3040 526 3110 ili
549 3053 701 3112 sonnino
724 3062 821 3116 sunt
876 3036 1096 3118 Geirrodus·

91 3133 370 3207 Godmundu'm
383 3139 643 3238 interrogarit,
656 3145 843 3218 luetarine
860 3145 986 3222 vellet.
1013 3139 1084 3210 Ille

90 3256 187 3302 vero
211 3259 248 3303 se
272 3255 469 3336 nunquam
493 3241 682 3316 luctatum
700 3259 793 3338 esse,
819 3239 944 3338 neque
956 3260 1087 3316 tamen
1122 3299 1127 3316 .

92 3333 306 3404 detrectare
332 3341 433 3408 v'elle
457 3345 631 3416 ostendit.
663 3350 765 3420 ilex
790 3349 956 3444 Agdium
973 3345 1090 3435 dyna-

91 3447 197 3503 stam
222 3436 349 3526 jussit,
384 3462 471 3512 snos
503 3446 646 3516 ulcisci.
711 3451 782 3520 Ille
818 3473 857 3520 se
890 3451 935 3520 ab
970 3468 1013 3515 es
1046 3464 1104 3518 re.

94 3535 355 3607 desuefactum
378 3541 625 3636 significavit,
648 3571 731 3616 rem
756 3561 886 3621 tamen
912 3549 1010 3640 regis
1033 3563 1089 3611 ar·

92 3635 219 3704 bitrio
234 3641 418 3726 perniisit.
468 3651 599 3714 Vestes
619 3666 785 3734 exuunt5
810 3649 1012 3724 Thorstein
1028 3665 1091 3712 ex-

93 3737 302 3850 istimavit,
338 3761 378 3812 se
410 3760 590 3816 truncum
625 3751 790 3844 corporis
820 3754 944 3844 speeie
969 3745 1091 3842 magis

94 3854 299 3928 gigantea,
327 3849 440 3932 q'uam
465 3845 595 3939 Agdii,
620 3871 820 3942 nunquam
844 3849 1093 3930 vidisses,fuit
1179 3881 1184 3897 ·

95 3938 211 4004 enim
236 3939 344 4012 Helse
366 3943 485 4030 instar
510 3945 658 4022 lividus.
727 3953 983 4028 Godmundus
1004 3973 1093 4020 con·
1204 3953 1208 3982 ¹

94 4053 164 4106 tra
189 4035 417 4136 insurrexit,¹
452 4049 538 4124 albo
571 4057 668 4148 cutis
695 4059 823 4132 colore
858 4056 1093 4150 conspicuus.
