2534 4778
235 203 326 296 110
523 184 792 284 ’π
1073 237 1107 296 c.
1132 232 1165 298 1.

172 442 483 529 perterrerentur.
531 428 720 520 ¹Annuius
749 427 908 496 duarum
939 431 1166 521 unciarum,

174 551 240 607 aut
257 535 396 622 major,
417 532 458 601 in
474 530 663 624 pulvinari
680 530 939 620 cujuscunque
962 533 1041 603 fani
1057 536 1167 622 prin-

176 635 303 728 cipalia
320 636 482 723 jaceret,
510 653 623 721 quern
642 631 826 698 annulum
850 631 1009 723 quisque
1035 633 1166 728 ponti·

145 744 147 749 '
173 735 237 804 fex
251 735 291 806 in
307 729 669 826 omnibuslegitimis
687 731 941 818 conventibus,
967 735 1165 824 quos'ipse

80 858 83 866 ’
175 851 313 934 ageret,
336 857 449 904 manu
462 844 634 927 gestaret,
662 854 827 921 eumque
843 831 895 899 ibi
912 855 1045 903 cruore
1060 833 1165 904 tauri

175 935 400 1022 sacrificalis,
427 955 541 1024 quem
555 932 635 1022 ipse
653 926 793 999 ibidem
810 934 1058 1021 mactavisset‚
1084 935 1165 1003 illi-

175 1051 294 1107 neret.
347 1035 573 1129 Quicunque
590 1043 692 1102 ectus
714 1033 881 1102 forenses
904 1057 1024 1105 coram
1039 1035 1165 1104 tribu-

174 1138 252 1207 nali
269 1133 497 1232 peragendos
515 1133 691 1218 haberet,
714 1155 828 1224 super
852 1135 1014 1203 eundern
1041 1155 1165 1205 anuu-

176 1236 257 1309 lum
275 1235 533 1326 iuramentum
551 1245 763 1325 prestaret,
787 1248 975 1334 testesque
994 1235 1086 1306 duos
1102 1231 1166 1305 vel

174 1336 565 1433 pluresnominarett
604 1353 669 1402 vos
703 1347 817 1402 testes
859 1333 955 1423 cito,
1009 1337 1164 1425 diceret,

177 1437 277 1532 quod
310 1437 567 1524 juramentum
593 1433 639 1502 ad
660 1433 844 1504 annulum
873 1451 1027 1525 presto,
1060 1435 1166 1524 jura-

175 1550 351 1612 mentum
367 1535 606 1630 legitimum,
629 1535 680 1604 ita
699 1557 759 1603 me
774 1556 876 1604 nunc
891 1533 994 1623 juvet
1007 1539 1165 1630 Freyur,

179 1657 217 1712 et
244 1637 426 1724 Njordus,
467 1649 505 1705 et
533 1635 772 1726 omnipotens
788 1637 853 1706 ille
872 1639 921 1706 As
940 1638 1079 1726 deus),
1117 1657 1165 1712 ut

177 1733 249 1836 ego
271 1737 366 1808 hane
383 1757 533 1807 causam
547 1736 742 1830 sicagam,
770 1735 829 1804 vel
854 1735 1075 1830 defendam,
1101 1741 1167 1811 vel

176 1837 440 1912 testimonium
459 1837 599 1924 diram,
636 1839 698 1906 vel
718 1851 832 1906 testes
853 1839 1065 1928 proferam,
1101 1843 1166 1912 ve'l

177 1939 406 2014 seutentiam
421 1937 550 2022 feram,
576 1937 895 2028 quemadmodum
910 1939 1165 2012 rectissimum

177 2057 216 2115 et
232 2039 470 2112 verissimum
483 2035 673 2130 etlegibus
684 2039 849 2108 maxime
866 2059 1164 2112 consentaneum

177 2166 255 2216 esse
268 2161 425 2226 novero,
450 2152 488 2208 et
498 2159 626 2207 omnes
642 2154 745 2208 artus
764 2139 954 2234 legitimos
968 2159 1164 2235 peragam,

178 2245 243 2338 qui
272 2239 401 2311 adme
428 2238 670 2330 pervenient,
704 2237 885 2331 quamdiu
912 2241 971 2308 his
1000 2240 1165 2312 comitiis

176 2346 351 2416 interero.
419 2344 520 2412 Tum
541 2339 661 2408 insula
676 2341 717 2409 in
733 2338 950 2431 quadrantes
960 2339 1075 2412 divisa
1092 2356 1166 2432 est,

178 2461 216 2515 et
231 2442 497 2527 constitutum,
519 2454 564 2508 ‘ut
581 2441 653 2510 tria
668 2440 748 2509 fora
764 2440 968 2537 insingttlio
980 2443 1166 2534 quadran·
1189 2481 1195 2492 ·

176 2545 278 2616 tibus
294 2559 436 2626 essent,
459 2538 522 2608 sed
536 2541 607 2609 tria
627 2541 709 2610 fana
727 2541 948 2632 principalia
973 2543 1013 2610 in
1037 2545 1162 2632 cujus·

177 2649 232 2716 vis
255 2645 326 2715 fori
349 2639 555 2726 territorio,
592 2641 646 2710 ibi
669 2641 740 2710 viri
760 2655 935 2731 spectatae
952 2640 1164 2732 prudentiae

178 2762 218 2816 et
234 2743 387 2832 justitior
405 2741 540 2812 delecti
556 2755 662 2829 sunt,
689 2744 752 2832 qui
774 2743 859 2810 fana
879 2756 1095 2828 tuerentur3
1116 2744 1163 2814 hi

176 2845 313 2938 judicia
332 2845 371 2912 in
401 2843 640 2912 conventibus
666 2841 956 2931 constituerent,
993 2846 1164 2915 actiones
1265 2887 1266 2936 ,

178 2967 373 3020 causarum
392 2941 608 3036 dirigerent,
633 2943 733 3011 unde
747 2943 946 3032 pontifices
960 2943 1162 3038 appellati,

176 3046 431 3138 unusquisqne
463 3044 579 3112 etiam
621 3045 809 3112 tributum
839 3043 927 3114 fano
958 3046 1161 3138 penderet,

176 3149 232 3217 uti
255 3169 353 3216 nuno
378 3143 530 3213 derimae
555 3146 699 3231 templo
726 3141 952 3234 penduntur.
1014 3146 1163 3216 'devar

177 3248 294 3319 Albus
314 3244 358 3312 de
373 3243 473 3312 Vdso
499 3243 692 3334 Norvegiae
721 3243 865 3336 primus
890 3244 1031 3314 Horum
1052 3245 1162 3314 inha-

176 3347 326 3431 bitavit,
347 3344 475 3433 ibique
501 3341 632 3410 fanum
653 3343 837 3428 extruxit,
872 3359 911 3412 et
930 3349 1081 3416 antistes
1101 3346 1160 3415 fa·

177 3451 219 3518 ni
233 3446 327 3528 ‘fuit3
353 3445 385 3512 ie
401 3442 474 3510 fuit
493 3459 598 3532 pater
622 3443 887 3532 'I‘horsteinis,
915 3449 1030 3536 patris
1051 3445 1162 3518 Halti

179 3549 224 3616 de
253 3547 347 3615 Sida.
412 3543 564 3612 Thorer
592 3543 770 3614 Prorerus
794 3546 986 3635 occupavit
1007 3547 1162 3614 territo⁴
1264 3609 1265 3616 ,

177 3649 278 3716 rium
293 3647 332 3714 in
353 3641 565 3712 Krossavika
584 3645 753 3714 aboreali
767 3661 876 3738 parte
890 3642 1163 3734 Reidarsjordi3
1264 3659 1265 3736 ᾗ

177 3747 264 3816 inde
281 3745 556 3816 Krossvilrenses
570 3741 674 3812 otti'.

222 3945 251 4010 ¹)
266 3944 323 3994 Hoc
340 3954 416 4011 caput
432 3949 521 3994 omnen
536 3953 647 4012 quatuor
668 3939 796 4007 Codices,
825 3959 885 3994 oum
903 3943 998 4016 quibua
1015 3939 1073 3996 hato
1092 3956 1162 3995 nara1

178 4033 321 4088 'ratiuncula
340 4033 432 4098 collata
450 4044 486 4083 eet
496 4071 503 4097 ,
523 4036 649 4100 ignorant.
