2514 4782
574 320 843 335 ·--·-----
1100 289 1172 352 ‘:c.
1187 290 1218 355 7.

223 467 292 553 stri
311 476 507 552 christiani
525 493 645 576 coetus
665 477 705 549 in
723 479 909 574 Norvegia
928 481 1113 577 terrisque
1130 486 1218 554 sub·

222 583 450 671 jacentibust
477 595 693 651 constanter
723 605 875 672 quoque
897 584 1105 670 credimus,
1135 589 1217 672 ejus

221 683 490 754 intercessione
506 683 603 752 hanc
618 682 717 752 orbis
728 681 1048 773 septemtrionalis
1064 699 1216 776 partem

222 785 410 876 occepisse
430 783 640 854 floriferum
655 783 824 872 radium,
853 783 1006 854 firmum
1036 787 1215 856 columen

224 899 264 952 et
281 885 563 970 auxiliatorem,
584 883 633 952 'ad
652 885 921 975 exstruendum
937 885 1153 977 aedificium,
1168 890 1212 957 ab

222 1007 314 1078 rege
338 986 452 1054 Olavo
476 985 662 1079 'l'ryggvii
686 987 763 1056 lilio
786 985 1151 1077 pulcre‘formatum
1177 1003 1213 1057 et

223 1107 403 1179 prospera
431 1086 585 1156 fortuna
613 1086 838 1178 fundatum,
861 1106 959 1178 ·quae
985 1088 1073 1156 fuit·
1091 1089 1213 1159 divina

222 1178 316 1256 fides
337 1203 374 1258 et
397 1188 515 1258 lexet
532 1185 696 1274 justitia,
736 1209 807 1256 nos
829 1189 1001 1278 perfecte
1026 1185 1129 1260 beati
1154 1215 1211 1260 su·

102 1292 106 1298 '
221 1302 307 1356 mus
326 1309 369 1357 eo
388 1289 598 1376 beneficio,
626 1289 726 1378 quod
744 1289 852 1358 nobis
873 1285 944 1358 ha'c
957 1285 1005 1360 ¹in
1020 1290 1095 1366 vito
1114 1289 1212 1360 dedit

223 1401 430 1459 creatorem
440 1405 611 1460 nostrum
624 1395 751 1461 lesum
761 1389 953 1461 Christum
968 1383 1210 1482 cognoscere3

222 1487 309 1558 ideo
327 1490 584 1560 indesinenter
598 1491 731 1585 gratias
756 1512 914 1582 agemus
938 1487 1007 1560 deo
1032 1492 1208 1586 omnipo-

172 1581 174 1588 ’
221 1591 339 1678 tenti,
367 1590 469 1682 quod
488 1594 619 1663 nostris
638 1593 858 1684 parentibus
877 1590 1128 1682 omnibusque
1148 1615 1209 1660 no·

222 1689 280 1759 bis
295 1693 416 1762 telem
433 1694 555 1762 virum
575 1692 698 1782 dedit,
735 1691 859 1784 qualis
883 1689 958 1778 fuit
983 1710 1051 1760 rex
1076 1691 1206 1762 Olavus

223 1787 408 1886 Tryggvii
423 1794 535 1879 iilius,
560 1795 626 1885 qui
643 1809 790 1866 tantam
806 1793 981 1885 praestitit
993 1793 1206 1880 utilitatem,

223 1891 425 1966 christiana
452 1897 638 1992 religione
671 1897 713 1966 in
740 1915 906 1988 regnum
929 1893 1207 1980 introducenda,

223 1993 497 2066 constituendis
515 1999 651 2068 sanetis
668 1995 837 2066 moribus
849 2011 888 2086 et
905 1993 1033 2086 patriis
1051 1994 1205 2088 legibus,

157 2160 160 2166 .
221 2106 411 2184 potestate
435 2091 476 2166 et⁴
499 2097 643 2168 honore
664 2117 819 2191 regum,
859 2097 1045 2190 dignitate
1073 2093 1206 2186 episco-

221 2215 381 2286 porum,
415 2201 625 2270 reverentia
646 2200 866 2284 doctorum,
903 2211 943 2268 et
966 2197 1205 2287 acquisitione
1248 2235 1249 2246 κ

222 2309 489 2368 mercatorum.
557 2301 609 2373 Hi
641 2323 773 2369 ornnes
792 2295 979 2390 obsequio
1007 2312 1046 2363 'et
1070 2293 1203 2391 legibus

222 2397 386 2467 subsunt
400 2399 586 2470 benedicti
604 2402 708 2471 illius
726 2402 796 2469 deo
816 2397 996 2469 carissimi
1012 2398 1134 2483 amici,
1157 2421 1204 2466 ree

223 2495 281 2588 gis
302 2499 410 2569 Olevi
427 2491 608 2598 Try-ggvii
624 2501 711 2572 filii:
738 2502 802 2570 hic
821 2501 926 2570 enim
949 2496 1205 2588 potentissimis

223 2591 469 2692 dignitatem,
510 2597 1090 2696 pauperrimismisericordiam
1121 2619 1204 2666 con·

224 2697 355 2786 cessit,
392 2705 568 2774 omnibus
591 2728 679 2773 vero
698 2703 905 2775 universim
925 2711 1036 2768 s'uum
1056 2697 1205 2789 patroci-

222 2799 333 2868 nium
355 2813 393 2870 et
419 2806 582 2875 tutelam
608 2807 759 2890 tributu
799 2793 916 2893 quare'
941 2799 1033 2869 vivit
1056 2810 1204 2868 nuncet

222 2897 265 2967 in
285 2914 472 2972 {eternum
496 2906 540 2974 'in
568 2907 770 2976 celsissima
789 2903 896 2998 regni
919 2899 1077 2970 doelestis
1096 2897 1204 2991 gloria
1246 2911 1247 2934 ³

223 3021 311 3067 oum
329 3001 411 3092 ipso
430 3002 513 3104 deo,
537 3009 603 3097 qui
620 3007 711 3078 vivit
730 3019 768 3076 et
782 3015 932 3099 regnat,
953 3021 1053 3070 unus
1070 3001 1155 3068 deus
1169 2999 1203 3064 in

221 3099 403 3194 trinitate,
428 3126 499 3196 per
512 3110 642 3180 omnia
656 3109 784 3179 secula
797 3105 1026 3174 seculorum.
1082 3103 1201 3171 Amen.
