2534 4778
312 273 402 373 140
473 255 495 338 ἱ
585 293 868 372 ·.·········

244 525 313 598 per
329 501 437 594 aquis
458 498 656 591 splendide
673 497 799 570 ornari
813 497 966 586 feceret,
994 499 1056 570 cui
1072 499 1127 597 rei
1145 524 1220 592 par·

243 620 325 674 tem
341 603 532 697 pecuniae,
556 603 602 670 ab
611 602 832 694 Ins1b1erga
851 601 1059 698 donatae,
1049 624 1247 675 msumse·

244 721 321 794 rat,
346 719 507 796 partem
534 703 632 772 colio
661 702 830 772 draconis
862 685 1076 772 incluserat.
1123 707 1219 778 Mox

243 809 431 902 fragorem
453 805 651 895 ingentem
671 802 850 874 audiunt·
892 787 966 890 duo
1003 802 1074 876 viri
1093 803 1139 871 ad
1163 827 1218 874 eos

233 909 483 1000 ndequitant,
507 919 554 970 et
563 905 888 996 Heigiumsecum
905 899 1082 992 evehunt,
1105 903 1218 976 Thor-

244 1011 387 1094 steine,
413 1004 505 1098 quid
523 1003 568 1074 de
588 1029 632 1073 eo
651 1005 793 1092 facturn
807 1005 875 1094 sit,
893 1005 1090 1076 insciente.
1142 1007 1216 1098 Quo

230 1109 342 1192 ,iacto
370 1121 573 1198 tempestas
596 1084 795 1197 confestim
819 1106 988 1202 cec1d1t3
1023 1107 1217 1178 Thorstein

228 1211 403 1282 ..domum
410 1209 577 1296 veniens,
596 1209 695 1304 patri
705 1207 777 1279 hoc
792 1223 973 1280 eventum
983 1207 1125 1294 retulit,
1139 1229 1232 1298 que·

230 1335 305 1386 -res
327 1307 522 1402 impendio
541 1308 795 1380 memorabilis
823 1309 898 1392 vise
915 1323 994 1392 est3
1021 1307 1086 1378 hic
1100 1308 1216 1378 statim

230 1437 374 1512 segem
401 1411 562 1482 Olavum
584 1409 676 1478 adiit
687 1411 855 1500 ,eique,
887 1432 963 1504 quo
989 1410 1075 1480 loco
1099 1430 1216 1482 reses

229 1529 319 1601 set,
342 1511 535 1604 exposuit,
570 1533 750 1606 rogans,
758 1526 803 1584 ut
827 1511 1085 1603 investigaret,
1111 1517 1249 1600 quem

231 1617 283 1692 in
300 1616 427 1684 locum
444 1612 545 1682 silius
560 1610 743 1684 deductus
775 1625 880 1682 esset.
932 1615 1014 1693 Rex
1035 1610 1214 1680 iacturum

228 1733 302 1800 se,
326 1713 427 1808 quod
457 1727 579 1806 petat,
611 1713 833 1804 pollicetur,
862 1713 1005 1828 fatens3
1037 1711 1214 1784 incertum

231 1815 360 1894 ,enimi
383 1835 485 1903 esse,
519 1837 634 1906 quem
659 1813 830 1884 fructum
854 1807 1004 1910 cognati
1027 1812 1086 1882 sui
1109 1831 1212 1879 exeo

229 1914 458 2009 -perceptuti
474 1915 559 1984 sint
612 1913 758 1984 Deinde
770 1915 920 1986 Thorer
931 1915 1088 1986 domum
1101 1910 1211 1997 rediit,

233 2018 372 2106 sicque
389 2017 451 2088 hic
465 2037 585 2086 annus
606 2015 706 2102 exit,
731 2017 826 2086 item
851 2017 948 2088 alter
970 2039 1088 2105 usque
1112 2012 1155 2082 ad
1169 2011 1211 2080 ie·
1249 2083 1250 2106 χ

231 2133 344 2192 stum
372 2115 534 2204 islense,
572 2139 644 2210 qua
671 2114 800 2204 hieme
832 2139 900 2186 rex
931 2113 1153 2188 Alrekstadis
1178 2134 1210 2178 se
1249 2135 1250 2146 ¹

228 2217 467 2298 continebat.
523 2219 662 2286 Octava
677 2215 763 2284 testi
777 2217 1051 2306 julensisferia‚
1067 2211 1209 2306 vesperi,

239 2333 316 2391 tres
335 2320 405 2386 viri
422 2318 546 2388 aulam
568 2317 747 2408 ingressi,
776 2319 822 2390 ad
845 2339 974 2410 regem
1004 2318 1142 2390 mensis
1163 2335 1211 2408 ac-

169 2465 177 2488 ,
241 2420 487 2496 cumbentem
505 2417 707 2506 accedunt,
735 2432 773 2486 et
792 2443 881 2490 eum
897 2419 1104 2490 honorifice
1128 2417 1210 2485 salu·

239 2534 339 2602 tant3
367 2542 460 2609 quos
476 2542 542 2588 rex
560 2518 724 2610 benigne
741 2521 971 2590 resalutavit.
1025 2519 1070 2592 In
1087 2521 1209 2588 horum

238 2642 399 2694 numero
419 2633 498 2690 erat
515 2622 690 2712 Helgius
713 2623 852 2712 reliqui
872 2621 946 2694 duo
962 2620 1086 2718 ignoti
1107 2627 1208 2688 erant.
1250 2645 1251 2656 ι

230 2724 318 2796 Rex
339 2745 401 2792 eos
419 2721 462 2798 de
477 2723 632 2796 nomine
651 2724 844 2811 quesivit,¹
863 2735 1024 2812 uterque
1042 2735 1164 2790 autem
1179 2739 1209 2783 se

230 2821 417 2896 *Grimunt
428 2823 551 2892 vocari
561 2821 668 2890 dixit:
685 2845 815 2892 sumus
828 2843 930 2910 veru,
944 2823 1134 2913 inquiunt,
1147 2819 1209 2888 huc

137 2939 139 2943 “
237 2922 285 2994 ad
299 2936 338 2990 te
359 2923 462 2999 missi
488 2923 533 2992 ab
554 2921 785 2996 Gudmundo
814 2923 859 2992 ab
883 2921 1134 3010 G'laesisvallis‚
1155 2913 1209 3009 qui

238 3023 398 3094 salutem
414 3022 494 3111 tibi,
513 3036 551 3091 et
566 3021 694 3092 adhaec
712 3023 786 3094 duo
807 3045 949 3102 cornua
959 3023 1089 3094 mittit.
1138 3023 1209 3112 ,Rex

238 3145 395 3196 munera
407 3125 570 3212 accepit3
588 3146 682 3192 auro
704 3137 965 3212 erantornata,
978 3115 1208 3214 etpermagni

229 3223 363 3314 -pretii
411 3223 507 3317 Regi
520 3224 637 3292 Olavo
653 3223 726 3292 duo
740 3225 848 3295 fuere
865 3248 1016 3314 comus,
1034 3215 1208 3316 Hyrningi

239 3322 420 3416 (cornuti)
438 3323 547 3438 dicta,
575 3347 658 3414 quae
676 3326 846 3416 quamuis
863 3325 1000 3398 eximia
1016 3341 1142 3410 erent,
1166 3333 1209 3386 ta-

237 3445 328 3494 men
337 3447 418 3514 quae
429 3415 581 3504 miserat
591 3423 855 3514 Gudmundus‚
869 3440 1132 3517 praestantiora
1141 3423 1209 3490 fue·

227 3541 336 3598 ¹runt.
384 3527 468 3602 Hoc
488 3538 572 3614 ate,
597 3524 761 3614 domine,
787 3527 922 3616 petivit
940 3549 1006 3596 rex
1025 3526 1209 3598 Gudmun-

238 3623 326 3712 dus‚
352 3644 396 3696 ut
412 3627 483 3696 sibi
505 3627 648 3710 amicus
667 3648 745 3694 esse
763 3627 869 3715 velis,
892 3641 999 3712 tuam
1020 3625 1209 3696 amicitiam

230 3726 390 3814 plurimi
405 3727 566 3816 faciens,
595 3742 634 3814 et
662 3727 780 3819 pluris
802 3752 916 3818 quam
941 3727 1112 3796 omnium
1130 3725 1207 3792 alio·

231 3848 322 3900 ,rum
347 3848 493 3918 regum.
556 3831 661 3901 -Tum
688 3851 754 3918 rex
777 3828 875 3914 nihil
897 3827 1144 3920 respondens,
1171 3820 1207 3888 ad

95 3929 99 3938 '
205 3943 206 3948 ’
228 3925 360 3994 sedem
387 3949 448 4004 eos
479 3927 662 4006 deducere
680 3929 807 4016 jussit.
866 3931 947 4000 Rex
964 3951 1115 3998 cornua
1130 3924 1207 3996 Gri-

227 4047 317 4098 -mos
337 4035 492 4107 (vocata)
508 4029 607 4116 bono
623 4044 717 4120 potu
735 4030 899 4120 impleri,
924 4045 962 4099 et
976 4019 1207 4102 benedicendi

234 4125 413 4220 formulis
426 4129 471 4196 ab
492 4129 667 4222 episcopo
686 4131 974 4223 sacrarijubet,
1002 4130 1206 4217 Grimisque
