<?xml version="1.0" encoding="UTF-8"?>
<!DOCTYPE html PUBLIC "-//W3C//DTD XHTML 1.0 Transitional//EN"
    "http://www.w3.org/TR/xhtml1/DTD/xhtml1-transitional.dtd">
<html xmlns="http://www.w3.org/1999/xhtml" xml:lang="en" lang="en">
 <head>
  <title>
</title>
<meta http-equiv="Content-Type" content="text/html;charset=utf-8" />
  <meta name='ocr-system' content='tesseract 3.04.00' />
  <meta name='ocr-capabilities' content='ocr_page ocr_carea ocr_par ocr_line ocrx_word'/>
</head>
<body>
  <div class='ocr_page' id='page_1' title='image "./scriptahistoric01dengoog_0095.png"; bbox 0 0 2534 4778; ppageno 0'>
   <div class='ocr_carea' id='block_1_1' title="bbox 249 206 1216 305">
    <p class='ocr_par' dir='ltr' id='par_1_1' title="bbox 249 206 1216 305">
     <span class='ocr_line' id='line_1_1' title="bbox 249 206 1216 305; baseline 0.001 -10"><span class='ocrx_word' id='word_1_1' title='bbox 249 206 346 296; x_wconf 73' lang='lat'><strong>&#39;82</strong></span> <span class='ocrx_word' id='word_1_2' title='bbox 575 225 844 258; x_wconf 90' lang='lat'>··········</span> <span class='ocrx_word' id='word_1_3' title='bbox 1121 231 1154 298; x_wconf 86' lang='lat' dir='ltr'><strong>c.</strong></span> <span class='ocrx_word' id='word_1_4' title='bbox 1175 231 1216 305; x_wconf 79' lang='lat' dir='ltr'><strong>r.</strong></span> 
     </span>
    </p>
   </div>
   <div class='ocr_carea' id='block_1_2' title="bbox 139 427 1262 4039">
    <p class='ocr_par' dir='ltr' id='par_1_2' title="bbox 139 427 1262 4039">
     <span class='ocr_line' id='line_1_2' title="bbox 225 427 1222 522; baseline -0.004 -18"><span class='ocrx_word' id='word_1_5' title='bbox 225 434 286 504; x_wconf 85' lang='lat' dir='ltr'><strong>die</strong></span> <span class='ocrx_word' id='word_1_6' title='bbox 306 427 449 501; x_wconf 84' lang='lat' dir='ltr'><strong>semina</strong></span> <span class='ocrx_word' id='word_1_7' title='bbox 468 442 852 522; x_wconf 80' lang='lat' dir='ltr'><strong>armentagregesque</strong></span> <span class='ocrx_word' id='word_1_8' title='bbox 865 427 1019 500; x_wconf 88' lang='lat' dir='ltr'><strong>domurn</strong></span> <span class='ocrx_word' id='word_1_9' title='bbox 1035 430 1222 521; x_wconf 88' lang='lat' dir='ltr'><strong>compelli</strong></span> 
     </span>
     <span class='ocr_line' id='line_1_3' title="bbox 223 531 1217 626; baseline -0.005 -23"><span class='ocrx_word' id='word_1_10' title='bbox 223 533 353 620; x_wconf 83' lang='lat' dir='ltr'><strong>jussit,</strong></span> <span class='ocrx_word' id='word_1_11' title='bbox 392 551 560 623; x_wconf 87' lang='lat' dir='ltr'><strong>quaeres</strong></span> <span class='ocrx_word' id='word_1_12' title='bbox 592 531 848 602; x_wconf 85' lang='lat' dir='ltr'><strong>Thorfinnum</strong></span> <span class='ocrx_word' id='word_1_13' title='bbox 877 553 956 600; x_wconf 90' lang='lat' dir='ltr'><strong>non</strong></span> <span class='ocrx_word' id='word_1_14' title='bbox 984 553 1217 626; x_wconf 84' lang='lat' dir='ltr'><strong>magnopere</strong></span> 
     </span>
     <span class='ocr_line' id='line_1_4' title="bbox 223 629 1219 724; baseline -0.006 -20"><span class='ocrx_word' id='word_1_15' title='bbox 223 634 438 724; x_wconf 86' lang='lat' dir='ltr'><strong>movebant.</strong></span> <span class='ocrx_word' id='word_1_16' title='bbox 491 632 620 702; x_wconf 88' lang='lat' dir='ltr'><strong>Altero</strong></span> <span class='ocrx_word' id='word_1_17' title='bbox 648 631 708 700; x_wconf 90' lang='lat' dir='ltr'><strong>die</strong></span> <span class='ocrx_word' id='word_1_18' title='bbox 736 629 992 704; x_wconf 83' lang='lat' dir='ltr'><strong>Thorfinnum</strong></span> <span class='ocrx_word' id='word_1_19' title='bbox 1017 631 1219 724; x_wconf 84' lang='lat' dir='ltr'><strong>arcessivit,</strong></span> 
     </span>
     <span class='ocr_line' id='line_1_5' title="bbox 223 731 1220 822; baseline -0.008 -18"><span class='ocrx_word' id='word_1_20' title='bbox 223 751 340 804; x_wconf 87' lang='lat' dir='ltr'><strong>utres</strong></span> <span class='ocrx_word' id='word_1_21' title='bbox 359 731 557 822; x_wconf 87' lang='lat' dir='ltr'><strong>pretiosas,</strong></span> <span class='ocrx_word' id='word_1_22' title='bbox 583 744 794 821; x_wconf 86' lang='lat' dir='ltr'><strong>ceterasque</strong></span> <span class='ocrx_word' id='word_1_23' title='bbox 822 733 999 818; x_wconf 85' lang='lat' dir='ltr'><strong>mobiles,</strong></span> <span class='ocrx_word' id='word_1_24' title='bbox 1027 755 1111 822; x_wconf 82' lang='lat' dir='ltr'><strong>quae</strong></span> <span class='ocrx_word' id='word_1_25' title='bbox 1140 731 1220 820; x_wconf 89' lang='lat' dir='ltr'><strong>ipsi</strong></span> 
     </span>
     <span class='ocr_line' id='line_1_6' title="bbox 224 830 1218 924; baseline -0.004 -22"><span class='ocrx_word' id='word_1_26' title='bbox 224 849 348 921; x_wconf 90' lang='lat' dir='ltr'><strong>erant,</strong></span> <span class='ocrx_word' id='word_1_27' title='bbox 381 831 596 924; x_wconf 83' lang='lat' dir='ltr'><strong>inspiceret:</strong></span> <span class='ocrx_word' id='word_1_28' title='bbox 622 844 665 899; x_wconf 86' lang='lat' dir='ltr'><strong>tu</strong></span> <span class='ocrx_word' id='word_1_29' title='bbox 692 834 814 921; x_wconf 89' lang='lat' dir='ltr'><strong>enim,</strong></span> <span class='ocrx_word' id='word_1_30' title='bbox 851 831 1083 920; x_wconf 87' lang='lat' dir='ltr'><strong>Thorfinne,</strong></span> <span class='ocrx_word' id='word_1_31' title='bbox 1118 830 1218 902; x_wconf 90' lang='lat' dir='ltr'><strong>mihi</strong></span> 
     </span>
     <span class='ocr_line' id='line_1_7' title="bbox 224 931 1219 1026; baseline -0.002 -24"><span class='ocrx_word' id='word_1_32' title='bbox 224 935 438 1026; x_wconf 88' lang='lat' dir='ltr'><strong>plurimum</strong></span> <span class='ocrx_word' id='word_1_33' title='bbox 467 931 597 1018; x_wconf 89' lang='lat' dir='ltr'><strong>debes,</strong></span> <span class='ocrx_word' id='word_1_34' title='bbox 638 931 778 1024; x_wconf 89' lang='lat' dir='ltr'><strong>qnippe</strong></span> <span class='ocrx_word' id='word_1_35' title='bbox 811 931 877 1022; x_wconf 90' lang='lat' dir='ltr'><strong>qui</strong></span> <span class='ocrx_word' id='word_1_36' title='bbox 900 935 1063 1002; x_wconf 86' lang='lat' dir='ltr'><strong>Hamam</strong></span> <span class='ocrx_word' id='word_1_37' title='bbox 1092 931 1219 1002; x_wconf 89' lang='lat' dir='ltr'><strong>filium</strong></span> 
     </span>
     <span class='ocr_line' id='line_1_8' title="bbox 223 1027 1215 1124; baseline -0.006 -20"><span class='ocrx_word' id='word_1_38' title='bbox 223 1059 352 1104; x_wconf 88' lang='lat' dir='ltr'><strong>meum</strong></span> <span class='ocrx_word' id='word_1_39' title='bbox 372 1027 617 1124; x_wconf 83' lang='lat' dir='ltr'><strong>[expiandum</strong></span> <span class='ocrx_word' id='word_1_40' title='bbox 630 1031 800 1121; x_wconf 87' lang='lat' dir='ltr'><strong>habeas¹,</strong></span> <span class='ocrx_word' id='word_1_41' title='bbox 817 1047 957 1122; x_wconf 92' lang='lat' dir='ltr'><strong>(neque</strong></span> <span class='ocrx_word' id='word_1_42' title='bbox 971 1045 1117 1119; x_wconf 89' lang='lat' dir='ltr'><strong>tamen,</strong></span> <span class='ocrx_word' id='word_1_43' title='bbox 1132 1053 1215 1123; x_wconf 85' lang='lat' dir='ltr'><strong>quae</strong></span> 
     </span>
     <span class='ocr_line' id='line_1_9' title="bbox 224 1131 1217 1224; baseline -0.003 -21"><span class='ocrx_word' id='word_1_44' title='bbox 224 1149 332 1203; x_wconf 86' lang='lat' dir='ltr'><strong>antea</strong></span> <span class='ocrx_word' id='word_1_45' title='bbox 350 1133 423 1201; x_wconf 85' lang='lat' dir='ltr'><strong>tibi</strong></span> <span class='ocrx_word' id='word_1_46' title='bbox 442 1131 540 1220; x_wconf 87' lang='lat' dir='ltr'>dixi,</span> <span class='ocrx_word' id='word_1_47' title='bbox 565 1133 799 1221; x_wconf 83' lang='lat' dir='ltr'>retractabo),</span> <span class='ocrx_word' id='word_1_48' title='bbox 828 1133 928 1224; x_wconf 91' lang='lat' dir='ltr'><strong>quod</strong></span> <span class='ocrx_word' id='word_1_49' title='bbox 943 1131 1045 1200; x_wconf 86' lang='lat' dir='ltr'><strong>lilius</strong></span> <span class='ocrx_word' id='word_1_50' title='bbox 1065 1133 1217 1204; x_wconf 89' lang='lat' dir='ltr'><strong>Helsin-</strong></span> 
     </span>
     <span class='ocr_line' id='line_1_10' title="bbox 227 1229 1217 1325; baseline -0.002 -23"><span class='ocrx_word' id='word_1_51' title='bbox 227 1237 298 1325; x_wconf 79' lang='lat' dir='ltr'><strong>giae</strong></span> <span class='ocrx_word' id='word_1_52' title='bbox 324 1233 488 1325; x_wconf 82' lang='lat' dir='ltr'><strong>dynastae</strong></span> <span class='ocrx_word' id='word_1_53' title='bbox 512 1229 596 1300; x_wconf 87' lang='lat' dir='ltr'><strong>fuit.</strong></span> <span class='ocrx_word' id='word_1_54' title='bbox 661 1231 731 1302; x_wconf 87' lang='lat' dir='ltr'><strong>Ille</strong></span> <span class='ocrx_word' id='word_1_55' title='bbox 755 1234 1028 1322; x_wconf 88' lang='lat' dir='ltr'><strong>pauciloquum</strong></span> <span class='ocrx_word' id='word_1_56' title='bbox 1058 1256 1098 1308; x_wconf 89' lang='lat' dir='ltr'><strong>se</strong></span> <span class='ocrx_word' id='word_1_57' title='bbox 1123 1256 1217 1324; x_wconf 76' lang='lat' dir='ltr'><strong>prse-</strong></span> 
     </span>
     <span class='ocr_line' id='line_1_11' title="bbox 224 1331 1216 1428; baseline -0.006 -24"><span class='ocrx_word' id='word_1_58' title='bbox 224 1335 328 1414; x_wconf 74' lang='lat' dir='ltr'><strong>buit,</strong></span> <span class='ocrx_word' id='word_1_59' title='bbox 351 1347 435 1401; x_wconf 85' lang='lat' dir='ltr'><strong>tum</strong></span> <span class='ocrx_word' id='word_1_60' title='bbox 453 1357 496 1400; x_wconf 89' lang='lat' dir='ltr'><strong>ea</strong></span> <span class='ocrx_word' id='word_1_61' title='bbox 514 1331 691 1428; x_wconf 85' lang='lat' dir='ltr'><strong>rogabat,</strong></span> <span class='ocrx_word' id='word_1_62' title='bbox 716 1331 789 1404; x_wconf 86' lang='lat' dir='ltr'><strong>iret</strong></span> <span class='ocrx_word' id='word_1_63' title='bbox 806 1355 959 1421; x_wconf 88' lang='lat' dir='ltr'><strong>secum,</strong></span> <span class='ocrx_word' id='word_1_64' title='bbox 983 1349 1027 1402; x_wconf 85' lang='lat' dir='ltr'><strong>ut</strong></span> <span class='ocrx_word' id='word_1_65' title='bbox 1047 1356 1107 1402; x_wconf 89' lang='lat' dir='ltr'><strong>res</strong></span> <span class='ocrx_word' id='word_1_66' title='bbox 1131 1355 1216 1404; x_wconf 84' lang='lat' dir='ltr'><strong>suas</strong></span> 
     </span>
     <span class='ocr_line' id='line_1_12' title="bbox 225 1432 1216 1526; baseline 0 -24"><span class='ocrx_word' id='word_1_67' title='bbox 225 1435 410 1526; x_wconf 84' lang='lat' dir='ltr'><strong>pretiosas</strong></span> <span class='ocrx_word' id='word_1_68' title='bbox 433 1433 597 1516; x_wconf 71' lang='lat' dir='ltr'><strong>videret,</strong></span> <span class='ocrx_word' id='word_1_69' title='bbox 637 1432 737 1522; x_wconf 89' lang='lat' dir='ltr'><strong>quod</strong></span> <span class='ocrx_word' id='word_1_70' title='bbox 755 1447 793 1502; x_wconf 89' lang='lat' dir='ltr'><strong>et</strong></span> <span class='ocrx_word' id='word_1_71' title='bbox 816 1433 916 1502; x_wconf 83' lang='lat' dir='ltr'><strong>iecit.</strong></span> <span class='ocrx_word' id='word_1_72' title='bbox 981 1434 1054 1506; x_wconf 86' lang='lat' dir='ltr'><strong>llic</strong></span> <span class='ocrx_word' id='word_1_73' title='bbox 1077 1435 1216 1502; x_wconf 88' lang='lat' dir='ltr'><strong>multas</strong></span> 
     </span>
     <span class='ocr_line' id='line_1_13' title="bbox 225 1532 1215 1624; baseline -0.004 -20"><span class='ocrx_word' id='word_1_74' title='bbox 225 1557 285 1604; x_wconf 86' lang='lat' dir='ltr'><strong>res</strong></span> <span class='ocrx_word' id='word_1_75' title='bbox 311 1535 484 1624; x_wconf 87' lang='lat' dir='ltr'><strong>apprime</strong></span> <span class='ocrx_word' id='word_1_76' title='bbox 511 1533 689 1621; x_wconf 81' lang='lat' dir='ltr'><strong>pretiosas</strong></span> <span class='ocrx_word' id='word_1_77' title='bbox 713 1532 824 1621; x_wconf 89' lang='lat' dir='ltr'><strong>vidit,</strong></span> <span class='ocrx_word' id='word_1_78' title='bbox 860 1555 948 1604; x_wconf 90' lang='lat' dir='ltr'><strong>cum</strong></span> <span class='ocrx_word' id='word_1_79' title='bbox 971 1557 1058 1604; x_wconf 89' lang='lat' dir='ltr'><strong>vero</strong></span> <span class='ocrx_word' id='word_1_80' title='bbox 1082 1535 1149 1604; x_wconf 88' lang='lat' dir='ltr'><strong>illa</strong></span> <span class='ocrx_word' id='word_1_81' title='bbox 1170 1558 1215 1602; x_wconf 81' lang='lat' dir='ltr'><strong>ex</strong></span> 
     </span>
     <span class='ocr_line' id='line_1_14' title="bbox 225 1632 1213 1723; baseline 0 -19"><span class='ocrx_word' id='word_1_82' title='bbox 225 1658 308 1704; x_wconf 85' lang='lat' dir='ltr'><strong>arca</strong></span> <span class='ocrx_word' id='word_1_83' title='bbox 324 1633 453 1702; x_wconf 84' lang='lat' dir='ltr'><strong>omnia</strong></span> <span class='ocrx_word' id='word_1_84' title='bbox 470 1632 680 1720; x_wconf 82' lang='lat' dir='ltr'><strong>extulisset,</strong></span> <span class='ocrx_word' id='word_1_85' title='bbox 701 1646 796 1702; x_wconf 82' lang='lat' dir='ltr'><strong>tres2</strong></span> <span class='ocrx_word' id='word_1_86' title='bbox 821 1633 956 1702; x_wconf 89' lang='lat' dir='ltr'><strong>inimo</strong></span> <span class='ocrx_word' id='word_1_87' title='bbox 971 1636 1103 1704; x_wconf 90' lang='lat' dir='ltr'><strong>annuli</strong></span> <span class='ocrx_word' id='word_1_88' title='bbox 1118 1637 1213 1723; x_wconf 86' lang='lat' dir='ltr'><strong>jace-</strong></span> 
     </span>
     <span class='ocr_line' id='line_1_15' title="bbox 224 1732 1213 1826; baseline -0.002 -22"><span class='ocrx_word' id='word_1_89' title='bbox 224 1737 334 1820; x_wconf 89' lang='lat' dir='ltr'><strong>bant,</strong></span> <span class='ocrx_word' id='word_1_90' title='bbox 361 1755 455 1826; x_wconf 87' lang='lat' dir='ltr'><strong>quos</strong></span> <span class='ocrx_word' id='word_1_91' title='bbox 476 1747 520 1802; x_wconf 92' lang='lat' dir='ltr'><strong>ut</strong></span> <span class='ocrx_word' id='word_1_92' title='bbox 537 1755 668 1802; x_wconf 84' lang='lat' dir='ltr'><strong>secum</strong></span> <span class='ocrx_word' id='word_1_93' title='bbox 683 1732 859 1822; x_wconf 84' lang='lat' dir='ltr'><strong>auferret,</strong></span> <span class='ocrx_word' id='word_1_94' title='bbox 884 1733 1139 1805; x_wconf 86' lang='lat' dir='ltr'><strong>Thorlinnurn</strong></span> <span class='ocrx_word' id='word_1_95' title='bbox 1155 1758 1213 1802; x_wconf 91' lang='lat' dir='ltr'><strong>ro·</strong></span> 
     </span>
     <span class='ocr_line' id='line_1_16' title="bbox 226 1832 1213 1930; baseline 0.002 -28"><span class='ocrx_word' id='word_1_96' title='bbox 226 1836 335 1930; x_wconf 80' lang='lat' dir='ltr'><strong>gavit.</strong></span> <span class='ocrx_word' id='word_1_97' title='bbox 392 1835 570 1926; x_wconf 87' lang='lat' dir='ltr'><strong>Quicum</strong></span> <span class='ocrx_word' id='word_1_98' title='bbox 587 1857 625 1902; x_wconf 89' lang='lat' dir='ltr'><strong>se</strong></span> <span class='ocrx_word' id='word_1_99' title='bbox 640 1835 839 1904; x_wconf 79' lang='lat' dir='ltr'><strong>inclinaret</strong></span> <span class='ocrx_word' id='word_1_100' title='bbox 854 1832 900 1902; x_wconf 92' lang='lat' dir='ltr'><strong>ad</strong></span> <span class='ocrx_word' id='word_1_101' title='bbox 917 1835 1149 1921; x_wconf 85' lang='lat' dir='ltr'><strong>tollendum,</strong></span> <span class='ocrx_word' id='word_1_102' title='bbox 1172 1859 1213 1904; x_wconf 90' lang='lat' dir='ltr'><strong>ea</strong></span> 
     </span>
     <span class='ocr_line' id='line_1_17' title="bbox 226 1934 1213 2026; baseline 0.001 -22"><span class='ocrx_word' id='word_1_103' title='bbox 226 1935 354 2004; x_wconf 88' lang='lat' dir='ltr'><strong>stricto</strong></span> <span class='ocrx_word' id='word_1_104' title='bbox 372 1934 539 2026; x_wconf 79' lang='lat' dir='ltr'><strong>pugione</strong></span> <span class='ocrx_word' id='word_1_105' title='bbox 558 1955 646 2002; x_wconf 84' lang='lat' dir='ltr'><strong>eum</strong></span> <span class='ocrx_word' id='word_1_106' title='bbox 662 1937 813 2023; x_wconf 88' lang='lat' dir='ltr'><strong>petebat</strong></span> <span class='ocrx_word' id='word_1_107' title='bbox 828 1947 932 2004; x_wconf 85' lang='lat' dir='ltr'><strong>tanta</strong></span> <span class='ocrx_word' id='word_1_108' title='bbox 947 1934 995 2020; x_wconf 93' lang='lat' dir='ltr'><strong>vi,</strong></span> <span class='ocrx_word' id='word_1_109' title='bbox 1008 1947 1053 2004; x_wconf 86' lang='lat' dir='ltr'><strong>ut</strong></span> <span class='ocrx_word' id='word_1_110' title='bbox 1072 1934 1213 2006; x_wconf 84' lang='lat' dir='ltr'><strong>ferrum</strong></span> 
     </span>
     <span class='ocr_line' id='line_1_18' title="bbox 226 2033 1211 2124; baseline 0.002 -22"><span class='ocrx_word' id='word_1_111' title='bbox 226 2036 267 2102; x_wconf 91' lang='lat' dir='ltr'><strong>in</strong></span> <span class='ocrx_word' id='word_1_112' title='bbox 284 2045 605 2124; x_wconf 85' lang='lat' dir='ltr'><strong>ossapenetraret.</strong></span> <span class='ocrx_word' id='word_1_113' title='bbox 656 2034 726 2104; x_wconf 90' lang='lat' dir='ltr'><strong>llle</strong></span> <span class='ocrx_word' id='word_1_114' title='bbox 747 2035 794 2104; x_wconf 91' lang='lat' dir='ltr'><strong>ad</strong></span> <span class='ocrx_word' id='word_1_115' title='bbox 819 2037 1001 2124; x_wconf 85' lang='lat' dir='ltr'><strong>punctam</strong></span> <span class='ocrx_word' id='word_1_116' title='bbox 1027 2033 1211 2124; x_wconf 87' lang='lat' dir='ltr'><strong>exsiliens,</strong></span> 
     </span>
     <span class='ocr_line' id='line_1_19' title="bbox 226 2135 1262 2227; baseline 0.002 -25"><span class='ocrx_word' id='word_1_117' title='bbox 226 2155 356 2227; x_wconf 81' lang='lat' dir='ltr'><strong>pugno</strong></span> <span class='ocrx_word' id='word_1_118' title='bbox 374 2147 565 2204; x_wconf 87' lang='lat' dir='ltr'><strong>contracto</strong></span> <span class='ocrx_word' id='word_1_119' title='bbox 582 2156 667 2210; x_wconf 83' lang='lat' dir='ltr'><strong>eam</strong></span> <span class='ocrx_word' id='word_1_120' title='bbox 690 2135 895 2224; x_wconf 83' lang='lat' dir='ltr'><strong>percussit,</strong></span> <span class='ocrx_word' id='word_1_121' title='bbox 929 2136 983 2221; x_wconf 80' lang='lat' dir='ltr'><strong>ita</strong></span> <span class='ocrx_word' id='word_1_122' title='bbox 1000 2149 1044 2204; x_wconf 87' lang='lat' dir='ltr'><strong>nt</strong></span> <span class='ocrx_word' id='word_1_123' title='bbox 1057 2137 1099 2206; x_wconf 91' lang='lat' dir='ltr'><strong>in</strong></span> <span class='ocrx_word' id='word_1_124' title='bbox 1114 2139 1211 2226; x_wconf 84' lang='lat' dir='ltr'><strong>pavi·</strong></span> <span class='ocrx_word' id='word_1_125' title='bbox 1261 2171 1262 2176; x_wconf 60' lang='lat'><em>=</em></span> 
     </span>
     <span class='ocr_line' id='line_1_20' title="bbox 226 2237 1211 2327; baseline 0 -23"><span class='ocrx_word' id='word_1_126' title='bbox 226 2251 402 2304; x_wconf 84' lang='lat' dir='ltr'><strong>mentum</strong></span> <span class='ocrx_word' id='word_1_127' title='bbox 412 2248 632 2322; x_wconf 58' lang='lat' dir='ltr'><strong>corrueret,</strong></span> <span class='ocrx_word' id='word_1_128' title='bbox 655 2251 893 2326; x_wconf 89' lang='lat' dir='ltr'><strong>mortemque</strong></span> <span class='ocrx_word' id='word_1_129' title='bbox 910 2251 1116 2327; x_wconf 89' lang='lat' dir='ltr'><strong>oppeteret.</strong></span> <span class='ocrx_word' id='word_1_130' title='bbox 1143 2237 1211 2305; x_wconf 88' lang='lat' dir='ltr'><strong>Sed</strong></span> 
     </span>
     <span class='ocr_line' id='line_1_21' title="bbox 227 2333 1210 2426; baseline 0.001 -22"><span class='ocrx_word' id='word_1_131' title='bbox 227 2337 366 2404; x_wconf 85' lang='lat' dir='ltr'><strong>vulnus</strong></span> <span class='ocrx_word' id='word_1_132' title='bbox 384 2333 586 2406; x_wconf 87' lang='lat' dir='ltr'><strong>Thorlinni</strong></span> <span class='ocrx_word' id='word_1_133' title='bbox 598 2351 747 2405; x_wconf 86' lang='lat' dir='ltr'><strong>tumore</strong></span> <span class='ocrx_word' id='word_1_134' title='bbox 762 2335 937 2406; x_wconf 86' lang='lat' dir='ltr'><strong>inflatum</strong></span> <span class='ocrx_word' id='word_1_135' title='bbox 956 2352 1024 2425; x_wconf 88' lang='lat' dir='ltr'><strong>est,</strong></span> <span class='ocrx_word' id='word_1_136' title='bbox 1048 2361 1092 2408; x_wconf 89' lang='lat' dir='ltr'><strong>eo</strong></span> <span class='ocrx_word' id='word_1_137' title='bbox 1111 2336 1210 2426; x_wconf 92' lang='lat' dir='ltr'><strong>quod</strong></span> 
     </span>
     <span class='ocr_line' id='line_1_22' title="bbox 227 2427 1212 2530; baseline -0.001 -25"><span class='ocrx_word' id='word_1_138' title='bbox 227 2436 322 2505; x_wconf 86' lang='lat' dir='ltr'><strong>acies</strong></span> <span class='ocrx_word' id='word_1_139' title='bbox 335 2435 512 2530; x_wconf 79' lang='lat' dir='ltr'><strong>pugionis</strong></span> <span class='ocrx_word' id='word_1_140' title='bbox 528 2456 673 2506; x_wconf 88' lang='lat' dir='ltr'><strong>veneno</strong></span> <span class='ocrx_word' id='word_1_141' title='bbox 687 2452 767 2506; x_wconf 86' lang='lat' dir='ltr'><strong>erat</strong></span> <span class='ocrx_word' id='word_1_142' title='bbox 780 2427 983 2524; x_wconf 85' lang='lat' dir='ltr'><strong>r&#39;nedicata,</strong></span> <span class='ocrx_word' id='word_1_143' title='bbox 1019 2441 1134 2528; x_wconf 83' lang='lat' dir='ltr'><strong>quare</strong></span> <span class='ocrx_word' id='word_1_144' title='bbox 1151 2461 1212 2506; x_wconf 89' lang='lat' dir='ltr'><strong>ex·</strong></span> 
     </span>
     <span class='ocr_line' id='line_1_23' title="bbox 227 2537 1261 2628; baseline 0.001 -25"><span class='ocrx_word' id='word_1_145' title='bbox 227 2553 348 2607; x_wconf 87' lang='lat' dir='ltr'><strong>trema</strong></span> <span class='ocrx_word' id='word_1_146' title='bbox 366 2537 551 2624; x_wconf 88' lang='lat' dir='ltr'><strong>vulneris,</strong></span> <span class='ocrx_word' id='word_1_147' title='bbox 592 2552 795 2625; x_wconf 80' lang='lat' dir='ltr'><strong>antequam</strong></span> <span class='ocrx_word' id='word_1_148' title='bbox 813 2538 935 2608; x_wconf 86' lang='lat' dir='ltr'><strong>sanari</strong></span> <span class='ocrx_word' id='word_1_149' title='bbox 960 2554 1105 2628; x_wconf 91' lang='lat' dir='ltr'><strong>posset,</strong></span> <span class='ocrx_word' id='word_1_150' title='bbox 1144 2539 1210 2606; x_wconf 91' lang='lat' dir='ltr'><strong>cir·</strong></span> <span class='ocrx_word' id='word_1_151' title='bbox 1260 2541 1261 2604; x_wconf 51' lang='lat' dir='ltr'><strong>i</strong></span> 
     </span>
     <span class='ocr_line' id='line_1_24' title="bbox 139 2635 1211 2730; baseline 0.004 -29"><span class='ocrx_word' id='word_1_152' title='bbox 139 2642 142 2646; x_wconf 90' lang='grc'><strong>’</strong></span> <span class='ocrx_word' id='word_1_153' title='bbox 229 2635 475 2706; x_wconf 88' lang='lat' dir='ltr'><strong>cumcidenda</strong></span> <span class='ocrx_word' id='word_1_154' title='bbox 492 2648 609 2706; x_wconf 85' lang='lat' dir='ltr'><strong>erant.</strong></span> <span class='ocrx_word' id='word_1_155' title='bbox 662 2636 764 2706; x_wconf 89' lang='lat' dir='ltr'><strong>Huic</strong></span> <span class='ocrx_word' id='word_1_156' title='bbox 781 2637 836 2708; x_wconf 87' lang='lat' dir='ltr'><strong>rei</strong></span> <span class='ocrx_word' id='word_1_157' title='bbox 854 2637 1104 2708; x_wconf 87' lang='lat' dir='ltr'><strong>inserviebant</strong></span> <span class='ocrx_word' id='word_1_158' title='bbox 1121 2640 1211 2730; x_wconf 84' lang='lat' dir='ltr'><strong>liga·</strong></span> 
     </span>
     <span class='ocr_line' id='line_1_25' title="bbox 227 2737 1209 2826; baseline 0.004 -24"><span class='ocrx_word' id='word_1_159' title='bbox 227 2747 376 2823; x_wconf 86' lang='lat' dir='ltr'><strong>menta,</strong></span> <span class='ocrx_word' id='word_1_160' title='bbox 403 2759 425 2804; x_wconf 88' lang='lat' dir='ltr'><strong>a</strong></span> <span class='ocrx_word' id='word_1_161' title='bbox 443 2738 570 2806; x_wconf 89' lang='lat' dir='ltr'><strong>vetula</strong></span> <span class='ocrx_word' id='word_1_162' title='bbox 589 2751 779 2826; x_wconf 88' lang='lat' dir='ltr'><strong>postremo</strong></span> <span class='ocrx_word' id='word_1_163' title='bbox 796 2737 888 2808; x_wconf 81' lang='lat' dir='ltr'><strong>data.</strong></span> <span class='ocrx_word' id='word_1_164' title='bbox 942 2738 1017 2808; x_wconf 90' lang='lat' dir='ltr'><strong>Hic</strong></span> <span class='ocrx_word' id='word_1_165' title='bbox 1041 2761 1128 2808; x_wconf 89' lang='lat' dir='ltr'><strong>cum</strong></span> <span class='ocrx_word' id='word_1_166' title='bbox 1145 2739 1209 2806; x_wconf 88' lang='lat' dir='ltr'><strong>ali·</strong></span> 
     </span>
     <span class='ocr_line' id='line_1_26' title="bbox 229 2837 1260 2932; baseline 0.006 -30"><span class='ocrx_word' id='word_1_167' title='bbox 229 2851 320 2924; x_wconf 90' lang='lat' dir='ltr'><strong>quot</strong></span> <span class='ocrx_word' id='word_1_168' title='bbox 337 2849 466 2906; x_wconf 85' lang='lat' dir='ltr'><strong>noctes</strong></span> <span class='ocrx_word' id='word_1_169' title='bbox 478 2851 712 2932; x_wconf 83' lang='lat' dir='ltr'><strong>peregerant,</strong></span> <span class='ocrx_word' id='word_1_170' title='bbox 748 2837 821 2908; x_wconf 86' lang='lat' dir='ltr'><strong>iter</strong></span> <span class='ocrx_word' id='word_1_171' title='bbox 836 2852 1103 2929; x_wconf 88' lang='lat' dir='ltr'><strong>perrexerunt,</strong></span> <span class='ocrx_word' id='word_1_172' title='bbox 1136 2839 1211 2908; x_wconf 90' lang='lat' dir='ltr'><strong>Svi-</strong></span> <span class='ocrx_word' id='word_1_173' title='bbox 1259 2869 1260 2888; x_wconf 55' lang='lat'>¹</span> 
     </span>
     <span class='ocr_line' id='line_1_27' title="bbox 228 2935 1209 3029; baseline 0.002 -25"><span class='ocrx_word' id='word_1_174' title='bbox 228 2959 315 3004; x_wconf 90' lang='lat' dir='ltr'><strong>ones</strong></span> <span class='ocrx_word' id='word_1_175' title='bbox 332 2935 628 3006; x_wconf 87' lang='lat' dir='ltr'><strong>mediterraneos</strong></span> <span class='ocrx_word' id='word_1_176' title='bbox 652 2937 779 3006; x_wconf 90' lang='lat' dir='ltr'><strong>minus</strong></span> <span class='ocrx_word' id='word_1_177' title='bbox 807 2939 902 3008; x_wconf 84' lang='lat' dir='ltr'><strong>lidos</strong></span> <span class='ocrx_word' id='word_1_178' title='bbox 929 2940 1085 3029; x_wconf 88' lang='lat' dir='ltr'><strong>experti.</strong></span> <span class='ocrx_word' id='word_1_179' title='bbox 1136 2939 1209 3008; x_wconf 92' lang='lat' dir='ltr'><strong>Die</strong></span> 
     </span>
     <span class='ocr_line' id='line_1_28' title="bbox 228 3035 1209 3128; baseline 0.005 -25"><span class='ocrx_word' id='word_1_180' title='bbox 228 3036 393 3125; x_wconf 87' lang='lat' dir='ltr'><strong>quodam</strong></span> <span class='ocrx_word' id='word_1_181' title='bbox 410 3037 534 3106; x_wconf 90' lang='lat' dir='ltr'><strong>vident</strong></span> <span class='ocrx_word' id='word_1_182' title='bbox 549 3035 705 3128; x_wconf 83' lang='lat' dir='ltr'><strong>triginta</strong></span> <span class='ocrx_word' id='word_1_183' title='bbox 725 3038 898 3110; x_wconf 88' lang='lat' dir='ltr'><strong>homines</strong></span> <span class='ocrx_word' id='word_1_184' title='bbox 914 3039 1058 3128; x_wconf 87' lang='lat' dir='ltr'><strong>advehi,</strong></span> <span class='ocrx_word' id='word_1_185' title='bbox 1073 3040 1209 3108; x_wconf 87' lang='lat' dir='ltr'><strong>horum</strong></span> 
     </span>
     <span class='ocr_line' id='line_1_29' title="bbox 227 3135 1208 3230; baseline 0.005 -28"><span class='ocrx_word' id='word_1_186' title='bbox 227 3135 437 3228; x_wconf 86' lang='lat' dir='ltr'><strong>principem</strong></span> <span class='ocrx_word' id='word_1_187' title='bbox 452 3137 626 3224; x_wconf 81' lang='lat' dir='ltr'><strong>salutant,</strong></span> <span class='ocrx_word' id='word_1_188' title='bbox 641 3151 681 3204; x_wconf 91' lang='lat' dir='ltr'><strong>et</strong></span> <span class='ocrx_word' id='word_1_189' title='bbox 692 3137 738 3208; x_wconf 91' lang='lat' dir='ltr'><strong>de</strong></span> <span class='ocrx_word' id='word_1_190' title='bbox 749 3139 904 3209; x_wconf 89' lang='lat' dir='ltr'><strong>nomine</strong></span> <span class='ocrx_word' id='word_1_191' title='bbox 923 3141 1208 3230; x_wconf 65' lang='lat' dir='ltr'><strong>ejusquaerunu</strong></span> 
     </span>
     <span class='ocr_line' id='line_1_30' title="bbox 226 3235 1259 3330; baseline 0.004 -28"><span class='ocrx_word' id='word_1_192' title='bbox 226 3235 350 3306; x_wconf 84' lang='lat' dir='ltr'><strong>illese</strong></span> <span class='ocrx_word' id='word_1_193' title='bbox 369 3236 603 3323; x_wconf 86' lang='lat' dir='ltr'><strong>Hjalmarem</strong></span> <span class='ocrx_word' id='word_1_194' title='bbox 628 3239 817 3308; x_wconf 82' lang='lat' dir='ltr'><strong>nominari</strong></span> <span class='ocrx_word' id='word_1_195' title='bbox 844 3239 1032 3330; x_wconf 87' lang='lat' dir='ltr'><strong>professus</strong></span> <span class='ocrx_word' id='word_1_196' title='bbox 1057 3253 1130 3327; x_wconf 85' lang='lat' dir='ltr'><strong>est,</strong></span> <span class='ocrx_word' id='word_1_197' title='bbox 1168 3237 1208 3306; x_wconf 87' lang='lat' dir='ltr'><strong>fi·</strong></span> <span class='ocrx_word' id='word_1_198' title='bbox 1258 3253 1259 3256; x_wconf 75' lang='grc'>’</span> 
     </span>
     <span class='ocr_line' id='line_1_31' title="bbox 229 3335 1206 3432; baseline 0.002 -28"><span class='ocrx_word' id='word_1_199' title='bbox 229 3335 403 3430; x_wconf 87' lang='lat' dir='ltr'><strong>liumque</strong></span> <span class='ocrx_word' id='word_1_200' title='bbox 434 3359 512 3406; x_wconf 87' lang='lat' dir='ltr'><strong>esse</strong></span> <span class='ocrx_word' id='word_1_201' title='bbox 543 3338 750 3432; x_wconf 82' lang='lat' dir='ltr'><strong>Helsingiae</strong></span> <span class='ocrx_word' id='word_1_202' title='bbox 786 3338 970 3431; x_wconf 78' lang='lat' dir='ltr'><strong>dynastae,</strong></span> <span class='ocrx_word' id='word_1_203' title='bbox 1014 3363 1206 3432; x_wconf 90' lang='lat' dir='ltr'><strong>nuperque</strong></span> 
     </span>
     <span class='ocr_line' id='line_1_32' title="bbox 226 3435 1207 3524; baseline 0.005 -23"><span class='ocrx_word' id='word_1_204' title='bbox 226 3437 503 3524; x_wconf 87' lang='lat' dir='ltr'><strong>patrimonium</strong></span> <span class='ocrx_word' id='word_1_205' title='bbox 522 3435 675 3519; x_wconf 78' lang='lat' dir='ltr'><strong>adiisse3</strong></span> <span class='ocrx_word' id='word_1_206' title='bbox 710 3439 865 3513; x_wconf 74' lang='lat' dir='ltr'><strong>fratrem</strong></span> <span class='ocrx_word' id='word_1_207' title='bbox 888 3464 1001 3510; x_wconf 88' lang='lat' dir='ltr'><strong>suum</strong></span> <span class='ocrx_word' id='word_1_208' title='bbox 1025 3436 1207 3510; x_wconf 88' lang='lat' dir='ltr'><strong>nominari</strong></span> 
     </span>
     <span class='ocr_line' id='line_1_33' title="bbox 227 3535 1258 3634; baseline 0 -30"><span class='ocrx_word' id='word_1_209' title='bbox 227 3539 405 3626; x_wconf 90' lang='lat' dir='ltr'><strong>Hamam,</strong></span> <span class='ocrx_word' id='word_1_210' title='bbox 449 3535 516 3628; x_wconf 92' lang='lat' dir='ltr'><strong>qui</strong></span> <span class='ocrx_word' id='word_1_211' title='bbox 547 3537 734 3608; x_wconf 88' lang='lat' dir='ltr'><strong>excellens</strong></span> <span class='ocrx_word' id='word_1_212' title='bbox 757 3541 814 3610; x_wconf 89' lang='lat' dir='ltr'><strong>vir</strong></span> <span class='ocrx_word' id='word_1_213' title='bbox 843 3553 919 3629; x_wconf 91' lang='lat' dir='ltr'><strong>est,</strong></span> <span class='ocrx_word' id='word_1_214' title='bbox 953 3541 984 3610; x_wconf 88' lang='lat' dir='ltr'><strong>is</strong></span> <span class='ocrx_word' id='word_1_215' title='bbox 1006 3553 1119 3632; x_wconf 86' lang='lat' dir='ltr'><strong>atque</strong></span> <span class='ocrx_word' id='word_1_216' title='bbox 1138 3560 1202 3634; x_wconf 81' lang='lat' dir='ltr'><strong>ego</strong></span> <span class='ocrx_word' id='word_1_217' title='bbox 1257 3571 1258 3596; x_wconf 65' lang='lat' dir='ltr'><strong>v</strong></span> 
     </span>
     <span class='ocr_line' id='line_1_34' title="bbox 227 3637 1204 3731; baseline 0.002 -28"><span class='ocrx_word' id='word_1_218' title='bbox 227 3637 359 3716; x_wconf 86' lang='lat' dir='ltr'><strong>eodem</strong></span> <span class='ocrx_word' id='word_1_219' title='bbox 374 3637 575 3731; x_wconf 87' lang='lat' dir='ltr'><strong>patrenati</strong></span> <span class='ocrx_word' id='word_1_220' title='bbox 591 3661 741 3730; x_wconf 88' lang='lat' dir='ltr'><strong>sumus,</strong></span> <span class='ocrx_word' id='word_1_221' title='bbox 765 3640 832 3711; x_wconf 92' lang='lat' dir='ltr'><strong>ille</strong></span> <span class='ocrx_word' id='word_1_222' title='bbox 859 3663 945 3711; x_wconf 86' lang='lat' dir='ltr'><strong>vero</strong></span> <span class='ocrx_word' id='word_1_223' title='bbox 968 3640 1066 3710; x_wconf 86' lang='lat' dir='ltr'><strong>mala</strong></span> <span class='ocrx_word' id='word_1_224' title='bbox 1090 3655 1204 3712; x_wconf 88' lang='lat' dir='ltr'><strong>matre</strong></span> 
     </span>
     <span class='ocr_line' id='line_1_35' title="bbox 225 3739 1202 3832; baseline 0 -28"><span class='ocrx_word' id='word_1_225' title='bbox 225 3739 358 3809; x_wconf 83' lang='lat' dir='ltr'><strong>utitur.</strong></span> <span class='ocrx_word' id='word_1_226' title='bbox 414 3739 645 3812; x_wconf 82' lang='lat' dir='ltr'><strong>Thorlinnus</strong></span> <span class='ocrx_word' id='word_1_227' title='bbox 674 3741 873 3830; x_wconf 72' lang='lat' dir='ltr'><strong>quaesivit,</strong></span> <span class='ocrx_word' id='word_1_228' title='bbox 910 3765 985 3832; x_wconf 92' lang='lat' dir='ltr'><strong>quo</strong></span> <span class='ocrx_word' id='word_1_229' title='bbox 1008 3741 1202 3832; x_wconf 65' lang='lat' dir='ltr'><strong>cogitaret,</strong></span> 
     </span>
     <span class='ocr_line' id='line_1_36' title="bbox 225 3837 1204 3938; baseline -0.003 -32"><span class='ocrx_word' id='word_1_230' title='bbox 225 3839 293 3906; x_wconf 90' lang='lat' dir='ltr'><strong>ille</strong></span> <span class='ocrx_word' id='word_1_231' title='bbox 320 3860 360 3908; x_wconf 89' lang='lat' dir='ltr'><strong>se</strong></span> <span class='ocrx_word' id='word_1_232' title='bbox 377 3837 637 3936; x_wconf 32' lang='lat' dir='ltr'><strong>Uppsalos&#39;ad</strong></span> <span class='ocrx_word' id='word_1_233' title='bbox 668 3864 795 3938; x_wconf 78' lang='lat' dir='ltr'><strong>regem</strong></span> <span class='ocrx_word' id='word_1_234' title='bbox 826 3842 997 3914; x_wconf 86' lang='lat' dir='ltr'><strong>Eirikum</strong></span> <span class='ocrx_word' id='word_1_235' title='bbox 1023 3837 1204 3931; x_wconf 81' lang='lat' dir='ltr'><strong>proficisci</strong></span> 
     </span>
     <span class='ocr_line' id='line_1_37' title="bbox 226 3937 1257 4039; baseline 0.001 -34"><span class='ocrx_word' id='word_1_236' title='bbox 226 3939 341 4026; x_wconf 84' lang='lat' dir='ltr'><strong>dixit„</strong></span> <span class='ocrx_word' id='word_1_237' title='bbox 356 3954 469 4031; x_wconf 88' lang='lat' dir='ltr'><strong>atque</strong></span> <span class='ocrx_word' id='word_1_238' title='bbox 487 3963 549 4010; x_wconf 91' lang='lat' dir='ltr'><strong>eos</strong></span> <span class='ocrx_word' id='word_1_239' title='bbox 565 3937 611 4008; x_wconf 86' lang='lat' dir='ltr'><strong>de</strong></span> <span class='ocrx_word' id='word_1_240' title='bbox 625 3941 860 4030; x_wconf 87' lang='lat' dir='ltr'><strong>profectione</strong></span> <span class='ocrx_word' id='word_1_241' title='bbox 873 3965 939 4013; x_wconf 88' lang='lat' dir='ltr'><strong>sua</strong></span> <span class='ocrx_word' id='word_1_242' title='bbox 953 3939 1199 4039; x_wconf 77' lang='lat' dir='ltr'><strong>interrogavit.</strong></span> <span class='ocrx_word' id='word_1_243' title='bbox 1256 3939 1257 3952; x_wconf 57' lang='lat'>¹</span> 
     </span>
    </p>
   </div>
   <div class='ocr_carea' id='block_1_3' title="bbox 226 4043 490 4058">
    <p class='ocr_par' dir='ltr' id='par_1_3' title="bbox 226 4043 490 4058">
     <span class='ocr_line' id='line_1_38' title="bbox 226 4043 490 4058; baseline 0 -2"><span class='ocrx_word' id='word_1_244' title='bbox 226 4043 490 4058; x_wconf 57' lang='lat' dir='ltr'><strong>m</strong></span> 
     </span>
    </p>
   </div>
   <div class='ocr_carea' id='block_1_4' title="bbox 266 4067 946 4139">
    <p class='ocr_par' dir='ltr' id='par_1_4' title="bbox 266 4067 946 4139">
     <span class='ocr_line' id='line_1_39' title="bbox 266 4067 946 4139; baseline 0.007 -20"><span class='ocrx_word' id='word_1_245' title='bbox 266 4071 291 4136; x_wconf 85' lang='lat'><strong>¹)</strong></span> <span class='ocrx_word' id='word_1_246' title='bbox 305 4069 476 4135; x_wconf 71' lang='lat' dir='ltr'><strong>iulsrleceris,</strong></span> <span class='ocrx_word' id='word_1_247' title='bbox 491 4069 522 4121; x_wconf 83' lang='lat' dir='ltr'><strong>B.</strong></span> <span class='ocrx_word' id='word_1_248' title='bbox 564 4067 595 4138; x_wconf 86' lang='lat'><strong>²)</strong></span> <span class='ocrx_word' id='word_1_249' title='bbox 617 4081 735 4139; x_wconf 76' lang='lat' dir='ltr'><strong>quutvror,</strong></span> <span class='ocrx_word' id='word_1_250' title='bbox 751 4071 860 4122; x_wconf 84' lang='lat' dir='ltr'><strong>membr.</strong></span> <span class='ocrx_word' id='word_1_251' title='bbox 941 4118 946 4124; x_wconf 80' lang='grc'><strong>.</strong></span> 
     </span>
    </p>
   </div>
   <div class='ocr_carea' id='block_1_5' title="bbox 0 0 1272 4778">
    <p class='ocr_par' dir='ltr' id='par_1_5' title="bbox 0 0 1272 4778">
     <span class='ocr_line' id='line_1_40' title="bbox 0 0 1272 4778; baseline 0 0"><span class='ocrx_word' id='word_1_252' title='bbox 0 0 1272 4778; x_wconf 95' lang='lat' dir='ltr'><strong> </strong></span> 
     </span>
    </p>
   </div>
  </div>
 </body>
</html>
