2514 4782
270 187 365 284 222
558 207 834 277 'BL-¹!
1032 228 1068 292 c.
1083 209 1247 297 tort*

143 428 149 434 ’
206 437 314 488 mttm
329 431 565 516 oppugnaret
595 417 697 510 quod
716 433 754 494 et
769 419 992 495 factumest.
1047 429 1197 521 Ormus,
1246 411 1247 498 Ῠ

206 533 343 608 preter
374 533 539 605 vectem,
564 519 664 590 nihil
688 544 882 592 armorum
907 523 1058 611 habuit,
1084 553 1197 622 quem
1246 511 1247 598 ³

135 683 139 698 ,
206 621 368 692 turbinis
399 621 518 692 instar
540 635 643 692 tanta
674 621 712 691 vi
740 623 979 720 circumegit,
1018 645 1063 698 ut
1081 653 1195 701 nemo

204 723 360 812 propius
376 722 551 794 accedere
567 723 786 812 sustineret,
813 739 954 794 certam
974 731 1076 799 enim
1095 755 1194 800 mor·

204 840 284 893 tem
299 825 570 916 previdebant,
593 826 624 894 si
637 845 751 915 quem
769 827 886 895 vectis
905 827 1098 924 tetigisset.
1116 837 1193 926 Dy-

204 937 307 996 nasta
326 947 388 994 eos
406 925 479 996 hoc
494 949 646 1018 quoque
659 925 748 995 ludo
769 928 948 997 desistere
961 929 1081 1020 jussit,
1094 935 1192 1023 quod

202 1039 240 1094 et
270 1025 506 1096 factumest.
573 1032 675 1100 Tum
702 1025 874 1120 dynasta:
915 1029 1033 1118 haud,
1070 1034 1191 1123 credo,

201 1127 314 1199 nimis
339 1125 384 1196 de
408 1142 446 1196 te
473 1128 716 1220 praedicatum
739 1143 812 1216 est,
838 1129 1060 1222 Serpentem
1085 1135 1190 1204 Lon-

199 1251 308 1324 gum,
335 1241 372 1298 te
392 1230 445 1299 ibi
468 1231 693 1318 constituto,
713 1232 833 1299 serius
854 1248 1114 1322 expugnatum
1128 1237 1188 1302 fo-

198 1352 257 1400 re:
284 1354 483 1422 nunquam
507 1331 610 1400 enim
630 1347 867 1423 expugnatus
892 1331 1046 1420 fuisset,
1083 1337 1116 1402 si
1137 1336 1187 1406 ibi

198 1429 244 1498 ad
261 1430 519 1502 defensionem
533 1446 669 1524 praesto
688 1433 831 1502 inisses.
889 1433 1037 1502 Deinde
1051 1435 1184 1503 Ormus

195 1529 294 1602 inter
313 1533 454 1604 aulicos
470 1547 664 1626 receptus,
691 1557 778 1602 cum
795 1531 922 1604 Eiriko
940 1532 1093 1626 dynasta
1108 1559 1182 1604 ver-

196 1649 295 1704 satus
315 1653 386 1724 est,
412 1639 525 1728 eique
547 1639 595 1704 ob
616 1635 808 1730 insignem
834 1634 971 1705 virium
1003 1635 1182 1708 excellen⁴

194 1735 286 1804 tiam
305 1738 518 1808 carissimus
535 1737 620 1807 fuit.
706 1791 709 1800 .

287 1842 425 1909 Ormtts
446 1841 605 1909 Gimsas
623 1837 679 1907 ad
691 1837 879 1908 Einorem
901 1837 1090 1930 pervenit.
1149 1885 1152 1890 -

245 1934 332 2030 Cap.
354 1951 405 2012 tr.
459 1937 675 2029 Aliquando
695 1963 782 2006 cum
806 1939 944 2008 Ormus
964 1940 1106 2006 amicos
1133 1937 1181 2006 vi·

186 2059 274 2119 ¹sum
297 2039 385 2127 iret,
411 2063 485 2132 quo
510 2043 594 2110 loco
617 2039 722 2132 prius
749 2038 792 2106 in
820 2039 1077 2112 Trandheimo
1103 2039 1179 2108 fue·

190 2151 269 2227 rat,
303 2140 360 2210 via
385 2145 439 2214 ita
464 2141 612 2212 ferente
646 2143 795 2214 Gimsas
824 2141 1016 2232 pervenit,
1056 2139 1177 2209 aderat

190 2239 293 2310 domi
310 2264 385 2311 suae
405 2247 542 2334 Einar,
569 2265 614 2314 eo
629 2259 802 2333 tempore
820 2243 861 2321 in
879 2239 955 2308 aede
977 2261 1080 2308 sacra
1095 2264 1175 2310 con·

187 2341 358 2434 stitutus,
382 2368 490 2416 arcus
505 2342 597 2414 vero
616 2344 696 2434 ejus
711 2357 817 2412 extra
833 2341 934 2410 fores
960 2341 1097 2430 templi
1112 2365 1175 2432 po-

162 2441 281 2512 situs
303 2459 390 2514 erat.
453 2445 622 2518 Accessit
648 2447 811 2532 Ormus,
853 2464 983 2512 arcum
1016 2443 1175 2528 sustulit,

186 2543 361 2634 sagittam
376 2573 497 2620 nervo
514 2549 668 2642 aptavit,
696 2569 855 2636 eamque
869 2543 968 2612 intra
988 2562 1104 2610 cornu
1119 2565 1177 2610 re·

143 2701 150 2718 .
185 2647 315 2735 traxit,
339 2666 375 2720 et
391 2653 443 2722 sic
461 2653 641 2744 sagittam
652 2651 691 2719 in
710 2669 802 2716 arcu
821 2649 935 2715 fixam
957 2658 1053 2712 stare
1069 2642 1173 2724 fecits

188 2743 338 2836 deinde,
366 2751 533 2841 deposito
551 2773 660 2840 arctt,
690 2749 796 2818 abiit.
860 2746 973 2818 Einar
998 2765 1172 2837 egressus,

184 2867 270 2916 curn
292 2851 445 2944 videret,
465 2871 509 2924 ut
523 2877 630 2924 arcus
642 2875 731 2922 suus
747 2861 931 2920 tractatus
947 2857 1052 2930 esset,
1074 2867 1175 2938 mag·

182 2969 324 3041 nopere
350 2956 513 3026 miratus
546 2968 604 3024 est
638 2969 677 3022 et
709 2949 900 3042 quaesivit,
939 2944 1021 3034 quis
1046 2967 1173 3012 arcum

181 3069 290 3121 suum
307 3057 561 3140 tractavisset5
589 3057 696 3141 cujus
715 3053 781 3120 diu
800 3051 937 3118 certior
953 3068 1031 3113 non
1053 3043 1170 3112 factus

182 3163 256 3237 est,
294 3169 498 3248 antequam
523 3159 605 3248 ipse
639 3145 839 3228 Ormusei
870 3169 951 3216 rem
981 3144 1169 3213 indicaret.

180 3249 292 3320 Einar
308 3277 346 3323 se
365 3242 521 3347 quoque
540 3259 779 3347 suspicatum
804 3248 983 3331 ostendit,
1008 3244 1169 3338 ignavio-

178 3372 266 3422 nem
291 3376 368 3424 non
401 3357 537 3447 fuisse,
577 3357 643 3447 qui
668 3353 865 3443 cuspidem
896 3347 1038 3438 sagittae
1069 3346 1170 3414 intra

179 3474 297 3522 cornu
315 3479 421 3527 arcus
434 3461 495 3528 sui
512 3456 736 3528 retraxisset.
790 3449 964 3544 Eirikum
977 3445 1171 3537 dynastam

176 3556 343 3625 convivia
361 3559 408 3628 ad
426 3561 614 3629 orientem
631 3557 671 3626 in
682 3554 789 3624 Vikia
805 3553 1010 3620 obeuntem
1031 3549 1170 3614 Ormus

177 3658 379 3728 comitatus
404 3676 480 3744 est,
522 3684 612 3730 cum
649 3679 737 3726 vero
764 3678 808 3724 eo
845 3652 1051 3732 venissent,
1089 3669 1170 3736 quo

175 3751 591 3856 locoSerpensLongus
606 3754 898 3837 excisusfuerat,
915 3749 1170 3839 dynastasuos

173 3853 281 3940 iussit
309 3864 489 3951 expertiri,
515 3875 609 3952 quot
635 3857 808 3927 homines
830 3849 954 3922 arbori
978 3849 1083 3935 mali,
1113 3846 1171 3915 ibi

170 3949 329 4046 jacenti,
352 3956 479 4031 subire
507 3983 600 4054 opus
622 3957 827 4039 haberent,
853 3966 897 4021 ut
922 3949 963 4018 itt
988 3951 1172 4018 humeros

172 4057 345 4128 attollere
366 4077 535 4152 possent:
559 4061 677 4128 Ormo
696 4077 785 4124 vero
804 4055 933 4124 locum
953 4047 1172 4120 submedia
