2534 4778
315 210 404 297 100
606 221 875 280 mmm-
1109 231 1147 294 c,
1173 227 1247 294 3-4.

248 433 395 523 ingenii
413 429 629 516 contrahat,
653 427 718 518 qui
741 443 848 496 antea
868 427 1071 498 honoribus
1090 441 1128 496 et
1155 429 1248 496 vitae

250 536 393 611 deliciis
416 533 516 625 apud
545 528 867 621 praestantissimos
892 528 1082 617 principes
1106 529 1248 596 adsue-

250 635 332 723 ωε,
357 655 459 704 nunc
476 632 568 701 odiis
585 631 646 698 vel
665 627 934 696 vilissimorum
961 629 1247 718 oppidanorum

251 737 357 851 exegi
362 751 458 803 atus
476 733 534 800 s1t
589 735 777 822 Dynastn:
821 727 957 819 ecquid
983 729 1123 797 artium
1143 731 1247 842 peri·

250 837 448 920 navales,
488 831 619 900 senex!
657 853 745 897 cum
771 841 809 894 te
832 828 1013 917 Ρτεεάἰιθε
1035 853 1123 897 cum
1148 831 1244 896 viris

251 938 356 1027 print
361 936 483 1026 ipibus
501 930 719 1000 versatum?
743 929 883 996 Senex:
898 927 985 996 fieri
1001 944 1136 1018 potest,
1161 931 1246 1014 etsi,

251 1037 400 1124 juvenis
427 1057 515 1103 cum
543 1055 682 1113 essem,
723 1052 803 1100 non
828 1030 909 1095 sine
937 1029 1044 1097 eausa
1077 1031 1150 1097 hoc
1177 1054 1244 1096 110-

252 1138 356 1206 mine
372 1135 547 1202 laudatus
567 1133 724 1215 fuerim,
752 1130 891 1213 utiam
918 1151 1004 1196 vere
1027 1130 1177 1198 dictum
1195 1131 1245 1198 vi-

213 1243 215 1248 '
251 1239 400 1319 dentur,
427 1235 527 1325 quod
551 1237 664 1322 uulgo
693 1231 846 1298 dicitur:
881 1252 1012 1297 senem
1048 1253 1244 1320 quemque

252 1338 406 1405 tandem
439 1335 595 1401 effetum
622 1333 724 1414 sieri3
758 1341 884 1418 neque
911 1349 980 1420 ego
1005 1345 1154 1419 tecum,
1183 1332 1244 1397 do-

251 1439 380 1520 miue,
408 1434 697 1518 confabulabor,
720 1432 790 1498 nisi
817 1431 945 1515 jubeas
971 1431 1096 1498 cibum
1124 1455 1242 1521 appo·

251 1540 313 1606 ni:
337 1537 429 1604 adeo
450 1537 553 1602 enim
571 1534 689 1615 senio,
714 1532 826 1617 fame,
843 1530 904 1600 siti
921 1531 1125 1600 exhaustus
1144 1556 1243 1620 sum,

253 1652 296 1706 ut
321 1637 427 1704 nullo
453 1634 565 1702 modo
590 1634 729 1702 diutius
762 1631 921 1721 pedibus
952 1645 1050 1699 stare
1071 1634 1261 1714 valeatne

251 1760 376 1827 neque
400 1736 566 1824 profecto
592 1733 840 1824 est-principe
877 1730 1054 1825 dignum,
1089 1733 1261 1825 ignotos

250 1839 443 1924 homines,
487 1834 751 1925 quae-uspiam
787 1846 977 1900 terrarum
1012 1845 1117 1922 gesta
1156 1835 1261 1922 sint„

251 1937 504 2029 interrogare,
527 1957 670 2024 neque,
697 1931 789 2023 quid
810 1931 898 2000 us'us
917 1931 1012 2002 ferat
1028 1919 1261 2016 hominumi

253 2039 427 2106 animum
445 2034 656 2103 advertere:
682 2055 813 2101 omnes
826 2033 928 2102 enim
944 2050 1129 2102 ennatura
1143 2049 1240 2118 sunt,

254 2151 298 2206 ut
313 2135 387 2205 cibi
408 2135 789 2250 θιροωεὶηᾶἰςεαηῑ..
834 2135 1028 2225 Dynasta
1018 2135 1138 2220 Jussit‚
1157 2135 1240 2203 satis

254 2238 350 2324 cibi,
373 2252 488 2326 prout
509 2255 603 2322 opus
619 2251 732 2322 esset,
757 2234 792 2302 ei
809 2235 968 2336 apponi5
997 2235 1098 2323 quod
1115 2247 1169 2302 et
1172 2235 1240 2302 fac-

253 2352 348 2406 tum.
403 2337 525 2405 Senex
554 2350 700 2420 autem,
728 2357 815 2402 cum
837 2357 972 2402 mensae
998 2335 1239 2420 accubuisset,

253 2463 274 2506 e
289 2436 447 2527 vestigio
463 2443 511 2522 (v.
523 2437 644 2518 avide)
658 2437 783 2504 cibum
794 2455 943 2502 sumere
953 2449 1100 2526 1nn1p1t,
1119 2437 1241 2524 proxi·

254 2559 332 2607 mas
345 2559 510 2628 quasque
526 2536 692 2627 patinae,
720 2535 765 2604 ad
782 2557 871 2625 quas
895 2533 1084 2623 pertinere
1102 2536 1235 2626 potuit,

256 2652 409 2724 vacuat,
437 2653 481 2705 ut
504 2636 639 2706 famuli
661 2658 857 2705 necessum
885 2632 1089 2723 haberent,
1114 2636 1237 2705 cibum

256 2737 381 2805 denuo
398 2739 542 2806 afferre.
598 2742 732 2827 Neque
759 2736 837 2820 jam
859 2756 973 2802 senex
993 2737 1140 2804 minore
1171 2737 1239 2804 avi-

256 2837 392 2925 ditate,
421 2851 682 2929 quamtum,
705 2837 831 2906 cibum
853 2835 987 2916 sumit,
1011 2858 1101 2904 cum
1120 2837 1238 2905 omni·

254 2939 324 3006 bus
339 2961 562 3008 consumere
575 2938 774 3026 videretur,
784 2933 964 3028 quicquid
978 2959 1103 3004 revera
1113 2937 1153 3004 in
1167 2959 1237 3004 sac·

256 3063 357 3153 cum,¹
379 3061 489 3128 supra
507 3055 770 3124 memoratum,
786 3035 1025 3123 conjiciebam
1052 3037 1130 3121 jam
1147 3039 1237 3106 risus

257 3140 428 3206 omnium
440 3153 589 3206 coortus
606 3157 674 3224 est,
692 3138 843 3206 famulis
837 3134 1127 3226 dictitantium,
1140 3135 1260 3204 hunc

256 3258 386 3321 senem
414 3253 451 3305 et
472 3259 549 3305 esse
573 3256 818 3307 ventruosum
844 3250 882 3304 et
905 3235 1088 3304 edacem'
1150 3241 1260 3351 Quae

255 3317 354 3404 dicta
376 3359 490 3405 senex
513 3359 765 3422 nonensem,
794 3335 939 3428 pergit,
970 3351 1012 3404 ut
1040 3337 1199 3406 fucere
1190 3362 1238 3405 m·

258 3438 446 3506 stituerat

378 3539 643 3608 Exsecratio
630 3565 670 3618 tu
691 3541 918 3632 Dynustam
942 3540 1117 3628 prolata.

267 3687 270 3696 .
307 3639 396 3729 Cap.
422 3646 453 3708 4.
507 3641 677 3710 Remotis
710 3641 867 3722 mensis,
906 3660 1018 3706 senex
1046 3635 1237 3730 Nidungus

164 3813 168 3820 ι
255 3738 448 3831 dynastam
473 3739 621 3809 adiens:
656 3742 794 3832 gratias
817 3741 982 3832 iumagu
1006 3739 1092 3823 tibi,
1125 3737 1235 3806 domi·

253 3861 320 3920 ne3
359 3853 645 3910 verumtamen
670 3843 788 3909 malos
810 3839 926 3905 habes
953 3837 1138 3928 famulos,
1179 3837 1234 3929 qui

298 3985 325 4048 Ι)
345 3987 463 4054 herbergl
485 3987 587 4050 neieina,
609 3985 679 4036 haud
700 4004 790 4052 partun
808 3983 861 4033 cibi
880 3997 1038 4051 sumentem,
1055 3985 1097 4053 A3
1119 4005 1181 4058 qua)
1197 3988 1235 4038 lo-

254 4077 334 4140 cutio,
354 4075 456 4142 aliaque
475 4075 578 4138 similis,
601 4093 670 4124 nune
691 4077 718 4122 in
733 4073 891 4142 ploltejismis
911 4087 978 4126 sunt.
