2534 4778
135 365 138 372 .
216 285 314 380 Ι108
521 308 777 365 -····-!·--····-
837 287 848 373 s
1059 321 1143 387 cu

158 519 241 590 haec
262 514 424 608 pecudes
451 511 607 582 domum
634 513 680 582 ad
701 511 859 602 praedia,
890 517 990 602 justo
1015 517 1146 608 elapso

157 635 342 708 tempore,
370 614 458 708 egit,
475 627 513 682 et
525 615 597 684 hoc
613 631 792 684 eventum
806 615 949 687 retulit.
992 617 1145 690 Deinde

134 710 358 804 'Hallbjtrn
391 737 545 785 carmen
582 714 834 783 laudatorium
871 715 915 784 de
950 717 1144 788 tumulato

158 817 383 910 composuit,
410 833 447 886 et
469 837 638 890 summus
661 824 771 904 poeta
792 816 915 911 euasit.
945 867 950 882 ,
969 823 1061 890 Mox
1076 841 1146 909 pe-

156 943 265 1018 regre
295 919 505 1014 profectus,
539 916 705 984 carmina
739 915 785 984 de
807 917 938 987 multis
960 919 1145 1013 principi-

155 1021 228 1091 bus
259 1018 446 1106 condidit,
479 1031 517 1086 et
548 1017 593 1086 ab
618 1017 664 1086 iis
690 1040 846 1113 magnos
870 1017 1034 1089 honores
1061 1043 1144 1088 am-

155 1121 297 1214 plaque
321 1143 480 1190 munera
511 1117 675 1208 accepit,
709 1141 783 1210 qua
812 1141 857 1185 ex
890 1141 931 1188 re
963 1143 1146 1216 magnam

154 1224 324 1313 pecuniae
350 1220 428 1291 vim
448 1219 613 1288 lucratus
639 1234 704 1287 est.
756 1219 815 1288 De
837 1217 910 1288 hoc
934 1220 1065 1289 multae
1081 1245 1143 1289 re-

153 1321 332 1410 lationes,
357 1322 497 1392 tamin
526 1319 598 1390 hac
619 1335 735 1406 terra,
771 1342 885 1410 quam
906 1320 1005 1413 apud
1038 1338 1144 1416 exte-

153 1443 226 1510 ros,
250 1445 315 1495 ore
342 1422 445 1516 vulgi
468 1421 654 1506 feruntur,
679 1419 848 1512 quamvis
871 1419 958 1490 heic
981 1443 1060 1489 non
1075 1423 1142 1491 ad-

151 1521 331 1592 ferantur.
390 1525 449 1593 De
473 1520 649 1590 fratribus
681 1535 810 1590 autem
842 1522 1040 1591 Thorleivi
1064 1523 1141 1591 hoc

152 1623 380 1722 narrandum
413 1637 489 1709 est,
533 1620 634 1713 quod
659 1623 832 1710 proxima
864 1640 949 1712 post
973 1637 1142 1694 mortem

152 1723 234 1808 ejus
278 1738 402 1792 aestate
440 1723 574 1794 Oiavus
614 1721 858 1808 Viilubrjotus
897 1739 953 1790 et¹
979 1723 1141 1820 Helgius

153 1825 333 1908 Strenuus
357 1847 511 1918 peregre
538 1822 697 1912 profecti
723 1838 829 1913 sunt,
847 1846 992 1893 'necem
1014 1823 1140 1892 fratris

152 1923 296 2013 ulcisci,
319 1924 444 1994 animo
469 1924 697 1992 destinatum
718 1921 908 1994 habentes.
960 1925 1028 1994 His
1046 1947 1137 1995 vero

152 2023 325 2098 nondum
339 2024 490 2093 fortuna
512 2021 627 2109 dedit,
645 2025 864 2093 utHakonis
883 2024 1046 2116 dynastae
1057 2048 1139 2093 cer-

151 2125 251 2196 vices
277 2139 542 2217 superstarent,
571 2119 760 2216 [nondum
786 2126 888 2192 enirn
914 2127 1039 2194 omnia
1057 2149 1140 2194 ma-

152 2225 294 2314 leficia,
328 2223 372 2294 ad
408 2247 489 2314 quae
527 2225 602 2294 fatu
635 2247 701 2293 sua
734 2249 823 2294 eum
857 2227 1061 2314 ducebant,
1093 2227 1138 2295 in

155 2326 426 2398 contumeliam
462 2340 501 2392 et
538 2321 808 2395 detrimentum
850 2325 968 2420 ipsius
1002 2349 1138 2418 perpe-

78 2455 82 2462 ·
152 2433 357 2510 treverat¹3
383 2426 505 2496 multa
526 2441 651 2494 tamen
669 2426 754 2494 fana
778 2425 939 2517 dynastae
964 2429 1138 2497 combus-

154 2541 294 2616 serunt,
323 2543 361 2596 et
384 2525 527 2616 'rapinis
553 2539 590 2593 et
617 2525 789 2616 caedibus,
815 2527 1021 2617 multisque
1039 2551 1136 2618 pree-

152 2643 256 2700 terea
291 2625 571 2713 vexationibus,
610 2627 745 2718 quibus
782 2651 870 2711 eum
904 2629 1135 2718 adfecerunt,

152 2726 254 2800 haud
278 2749 414 2817 parurn
441 2727 476 2794 ei
501 2727 769 2798 detrimentum
794 2730 1012 2798 attulerunt.
1068 2737 1135 2800 At-

154 2851 228 2924 que
251 2829 302 2898 sic
324 2827 486 2897 narratio
513 2829 558 2898 de
585 2829 790 2900 Thorleiro
818 2829 1065 2900 concluditur.
1165 2901 1167 2904 ,

191 3003 223 3072 ¹)
238 3001 270 3055 ub
286 3004 359 3072 signo
379 3000 495 3067 [absunt
514 3005 543 3059 in
560 3005 597 3058 G.
