2534 4778
384 191 655 250 m
854 168 958 259 143<

22 419 24 466 t
51 423 106 470 uon
126 395 205 468 visa
236 395 307 467 sibi
334 415 390 468 est
424 419 535 489 posse
562 397 829 486 concumbere,
860 396 892 468 si
919 395 1016 468 milri

21 495 23 594 J
51 501 127 570 nudo
143 521 286 590 corpus
305 498 539 578 admoveret,
562 522 635 588 qua
654 499 699 568 de
723 507 833 570 causa
849 504 1014 568 maxime

21 613 23 692 l
52 601 191 669 discessi:
221 622 298 690 quo
316 614 353 668 et
369 599 567 668 accedebat
584 599 675 687 boc,
703 601 803 690 quod
827 622 891 669 rex
911 597 1014 671 Gud
1025 629 1027 637 ⁴

21 709 22 784 ἦ
53 701 211 796 mundus?
235 725 324 768 cum
341 714 380 767 te
399 701 513 769 sciret
534 699 631 769 velle
646 724 708 770 me
729 701 936 789 abducere,
960 715 1016 769 te·

21 803 23 864 ἵ
54 827 118 870 cum
137 800 267 870 noluit
291 799 526 870 contendere.
581 801 903 895 Magnificentiam
926 823 1015 870 vero

20 932 22 974 t
55 919 81 972 et
96 901 356 972 liberalitatem
373 901 470 998 regis
496 898 733 988 Gudmundi,
758 921 929 972 necnon
955 925 1016 971 co·

54 1006 225 1090 miratum,
250 1025 364 1094 quem
382 1023 510 1070 secum
527 999 651 1090 habet,
675 1001 802 1094 paucis
815 1001 937 1072 verbis
953 1025 1017 1070 ex·

54 1105 168 1195 plicare
188 1123 446 1193 noupcsrum,
484 1103 579 1174 .Rex
597 1103 770 1192 quesivit
780 1129 793 1176 ε,
817 1126 883 1172 cur
896 1124 1015 1172 cecus

56 1227 97 1274 es
90 1203 191 1272 lille
210 1202 420 1294 respondit·
444 1197 669 1298 Ingibjarga,
697 1202 1016 1293 Gudmundililia,

19 1313 20 1358 1
56 1303 257 1401 digredienti
284 1319 491 1394 utrumque
520 1303 675 1374 oculum
710 1304 837 1399 digitis
863 1303 1017 1393 eripuit,

19 1419 20 1422 ’
57 1404 182 1492 dicens,
216 1404 381 1474 feminas
393 1405 619 1498 Norvegicas
640 1404 790 1476 brevem
815 1404 894 1476 mei
915 1405 1017 1473 lruc·

56 1522 120 1575 tum
138 1518 420 1598 percepturas.
448 1506 528 1576 Rex
547 1503 734 1598 loquitur:
762 1503 900 1600 dignus
920 1518 1018 1574 esset
1120 1547 1124 1554 ·

57 1604 307 1696 (inmundus,
349 1628 465 1697 quent
483 1605 631 1696 injuriis
653 1605 839 1684 afficerem
860 1619 1018 1698 propter

57 1706 169 1794 cades,
193 1729 287 1798 quas
306 1707 484 1800 patravit,
510 1703 625 1778 modo
648 1702 739 1785 deus
760 1707 1018 1800 id·perr'nitte-

56 1822 108 1874 ret.
152 1806 299 1880 Deinde
318 1807 488 1898 Thorer,
511 1820 620 1924 pater
636 1805 788 1904 Helgii‚
819 1808 1024 1876 arcessitus

57 1921 110 1996 est,
133 1908 196 2000 qui
215 1909 299 2002 regi
318 1923 469 2002 gratum
483 1909 818 1984 animumtestatus
836 1921 905 2006 est,
915 1905 1017 2000 quod

57 2007 137 2078 lilius
165 2032 210 2078 ex
242 2010 440 2106 gigantum
471 2009 648 2082 manibus
679 2009 862 2084 evasisset.
939 2003 1025 2095 Hic*
1078 2068 1081 2075 ,

57 2125 163 2198 postea
179 2109 336 2180 domum
354 2109 649 2204 rediit,Helgius
661 2133 753 2184 vero
770 2109 869 2202 apud
885 2129 1019 2203 regem

58 2211 228 2303 remansiu
252 2225 292 2302 er
303 2211 350 2285 ad
366 2211 469 2283 idem
485 2225 726 2304 ¹momentum
741 2211 930 2302 sequentis
943 2205 1022 2302 dieis

59 2309 149 2396 vixit3
170 2335 238 2384 rex
252 2327 382 2384 autem
400 2335 542 2384 cornua
561 2305 712 2394 Grimos
729 2335 856 2383 secum
872 2309 1018 2398 habuit,

59 2413 183 2524 quando
208 2411 692 2506 ultimam'expeditionem
716 2438 737 2484 e
758 2435 876 2506 regno
895 2417 1020 2481 susce&-

58 2511 112 2600 pit.
144 2513 328 2606 Dicunt,
363 2535 453 2608 rege
482 2515 632 2586 Olavo
621 2538 664 2584 m
689 2515 867 2606 serpente
894 2508 1023 2583 econ·'

59 2628 168 2701 spectu
189 2614 329 2708 ablate,
353 2616 549 2686 evanuisse
574 2639 725 2706 quoque
749 2636 909 2701 cornua,
947 2627 1038 2680 nee.

59 2713 116 2781 ulli
126 2715 291 2806 deinceps
304 2713 498 2791 homini
464 2737 543 2786 visa
554 2715 686 2802 fuisse,
709 2727 825 2808 atque
838 2713 923 2786 heic
935 2733 1020 2783 nar·

59 2827 107 2882 rat
107 2814 137 2884 ic
94 2815 196 2885 tde
213 2817 354 2910 Grimis
367 2817 564 2888 clauditur.
