2534 4778
50 291 78 350 C.
92 291 124 351 2.

52 499 171 553 tectus.
223 478 332 548 Idem'
350 477 521 550 recedens
537 479 660 570 foraS,
686 477 875 572 loquitur:
902 481 1021 550 audit·

53 611 93 656 ne
115 581 251 655 Hama?
293 585 394 652 Turn
420 579 477 646 vir
496 581 649 672 quidam
667 581 801 673 ingens
827 597 865 652 et
879 596 1020 674 specta-

54 685 128 755 bilis
150 681 315 773 excepit:
358 679 449 771 quid
476 681 662 750 eumvis?
701 683 790 751 Ille:
828 683 963 754 adsunt
978 685 1021 750 in

57 787 119 855 aede
144 798 266 852 nostra
294 781 379 869 viri,
434 783 500 870 qui
525 805 563 851 se
588 783 734 874 aliquos
761 807 840 852 esse
866 800 1020 876 putant3

56 883 199 971 etenim,
224 907 312 952 curn
328 881 368 950 in
389 903 432 950 eo
452 905 588 972 essem,
619 899 663 952 ut
682 885 783 954 intro
799 886 1020 976 equitarem,

56 1003 144 1056 tanta
160 986 194 1065 vi
211 1005 413 1076 percussus
430 1005 533 1072 sum,
575 1001 617 1054 ut
633 984 727 1053 mihi
742 987 885 1074 palma,
924 985 1022 1052 ictui

57 1090 225 1172 obversa,
252 1083 408 1169 doleret,
435 1097 509 1153 tres
527 1109 612 1154 vero
628 1085 710 1153 atii*
728 1086 811 1174 viri,
825 1087 902 1178 'qui
920 1084 1024 1176 equis

55 1185 213 1279 praerecti
231 1199 548 1256 anteverterant..
563 1197 595 1252 .⁵
618 1185 760 1277 (atque)
785 1187 899 1278 primi
921 1187 1022 1254 intro

58 1288 277 1381 equitarunt,
303 1307 446 1371 omnes,
475 1288 594 1375 credo,
622 1286 819 1356 confestim
836 1282 1025 1355 interlecti

57 1402 141 1458 sunt.
192 1391 303 1458 Nunc
323 1387 471 1478 itaque,
495 1389 547 1456 ait
562 1391 704 1476 Hama,
740 1387 787 1457 ad
809 1387 1024 1456 munimen-

54 1505 128 1558 tum
153 1497 329 1557 nostrum'
352 1486 525 1557 recedere
551 1505 713 1579 praestat.
777 1491 931 1558 Praestat
953 1491 1026 1560 uti·

57 1614 140 1680 que,
165 1589 216 1656 uit
233 1589 408 1676 (Sinnius,
431 1601 468 1654 et
486 1589 613 1679 potius
630 1589 793 1658 invicem
810 1587 1024 1680 congredi⁴)

57 1712 135 1760 cras.
199 1689 348 1760 Deinde
375 1687 482 1778 equis
502 1691 753 1777 revehuntur,
791 1689 849 1758 illi
874 1687 1026 1757 veroin
1067 1759 1069 1763 Α

57 1790 252 1860 deversorio
271 1802 550 1880 pernoctarunt.
607 1791 674 1859 His
691 1789 796 1858 nulla
818 1812 878 1859 res
893 1787 1024 1872 defuit,

33 1891 253 1982 ¹sumtisque
285 1891 421 1981 quibus
451 1890 716 1984 indiguerunt,
765 1891 887 1958 multo
914 1909 1025 1957 mano

54 1993 119 2061 iter
132 1991 287 2084 ingressi
302 2007 400 2058 sunt.
455 1991 529 2084 Qui
554 2015 642 2060 cum
662 1993 862 2084 paululum
880 2011 1027 2082 proces·
1060 2011 1068 2026 J·

54 2095 183 2177 sissent,
208 2091 640 2183 hominesvideruntper
653 2108 898 2162 transversam
916 2089 1027 2158 serni-

55 2210 126 2262 tam
146 2193 405 2278 consistentes,
440 2215 518 2260 non
546 2194 741 2283 pauciores
762 2191 1027 2286 quadraginta;

55 2296 94 2361 in
108 2293 224 2362 medio
241 2295 391 2387 agmine
405 2293 460 2361 vir
478 2296 594 2362 stabat
610 2295 775 2386 ingentis
793 2308 960 2378 staturae,
983 2301 1028 2358 ut

55 2405 157 2462 nemo
172 2393 225 2466 ibi
241 2394 403 2480 adesset,
430 2395 494 2483 q'ui
518 2395 564 2462 ad
590 2397 750 2465 axillam
776 2394 857 2482 ejus
887 2392 1028 2484 pertin·

57 2507 172 2586 geret,
207 2493 308 2562 idem
338 2494 512 2565 omnium
541 2493 747 2565 hominum
775 2494 1029 2563 ferocissimus

56 2595 135 2664 luit.
184 2593 417 2667 Thur-finnus
436 2617 521 2664 suos
542 2595 652 2682 jussit
666 2595 870 2686 intrepide*
896 2613 1029 2684 proce-

55 2695 153 2778 'dere3
177 2718 264 2764 curn
281 2717 369 2762 vero
385 2695 652 2784 convenerunt,
674 2697 930 2788 interrogavit,
946 2693 1030 2783 quis

57 2798 218 2886 princeps
233 2797 365 2863 eoru'm
383 2809 487 2863 esset.
553 2796 692 2890 Ingens
704 2797 771 2865 ille
792 2797 850 2864 vir
875 2817 1030 2885 respon·

58 2895 122 2984 dit,
143 2897 278 2982 dicens,
301 2915 439 2964 nomen
455 2895 524 2966 sibi
547 2919 625 2964 esse
648 2900 823 2985 Hamarn,
849 2917 962 2987 seque
984 2895 1028 2961 ab

58 2997 241 3093 Helsingia
257 2995 480 3066 oriundum:
505 2997 713 3085 hiantem,
741 2999 806 3088 qui
825 3020 887 3066 me
914 2994 1031 3064 comi-

59 3103 191 3186 tantur,
230 3097 306 3165 mei
321 3111 410 3166 sunt
423 3098 525 3166 socii.
590 3096 722 3183 Vobis,
762 3098 912 3189 qualem
935 3095 1029 3177 attis,

60 3197 118 3286 qui
138 3197 312 3266 Carinum
328 3197 607 3286 transcendunt,
629 3194 855 3268 conditionis
869 3211 1032 3290 potesta·

59 3308 129 3368 tem
150 3297 309 3386 faciam,
346 3309 390 3364 ut
411 3296 525 3368 vitarn
550 3321 685 3390 resque
704 3314 842 3368 vestras
869 3299 1033 3368 adimam

60 3399 161 3469 vobis.
213 3397 447 3472 Thurlinnus
462 3421 550 3468 eum
564 3403 647 3490 plus
660 3401 810 3487 laboris,
829 3423 943 3490 quarn
958 3397 1034 3464 for-

59 3503 92 3566 'te
104 3499 277 3592 suspicati
294 3513 427 3585 essent,
440 3500 654 3590 subiturum
667 3500 777 3570 dixit:
792 3501 843 3568 ita
859 3497 1034 3592 praelium

59 3616 312 3648 Π--ι--Ἶ-ψ-ῡ*

97 3664 123 3729 'l
136 3665 167 3718 ol
184 3666 232 3718 brat
251 3665 279 3716 el
298 3668 353 3732 brai,
374 3667 415 3734 A,
434 3687 461 3720 cr
478 3667 508 3720 dt
525 3668 581 3734 tut,
599 3667 708 3723 membr.
759 3665 787 3736 Ἰ)
806 3668 902 3732 nostri,
922 3663 1032 3736 membr.

64 3749 89 3820 ³)
108 3776 156 3808 una
170 3774 226 3810 vox
242 3759 271 3806 in
291 3757 400 3812 membr.
427 3758 508 3812 deest.
548 3756 583 3826 4)
601 3778 662 3830 quae
686 3757 879 3812 uncisn'uclusn
905 3767 981 3821 sunt,
1001 3771 1035 3810 ex

61 3847 160 3904 membr.
187 3860 246 3898 sunt
272 3845 404 3915 desumto,
436 3853 464 3900 in
484 3853 585 3902 caeteris
609 3851 701 3903 lacuna
722 3862 768 3902 est.
818 3847 845 3916 5)
867 3835 1033 3918 dfoeliliga]

63 3936 215 4010 isnlltiliga,
232 3938 265 3987 tt.
286 3937 441 4009 dsoeltiliga,
452 3937 481 4005 C,
502 3943 573 4012 qnod
581 3944 684 3997 videtur
700 3941 771 3994 idem
788 3959 844 3993 essu
861 3937 933 4010 quod
953 3935 1035 4006 (9911-

63 4025 130 4095 dign,
148 4031 352 4099 praecipitanter,
370 4030 448 4083 Sturl.
491 4033 564 4085 Libr.
582 4032 609 4087 9.
632 4033 664 4090 C·
681 4033 714 4099 3,
742 4035 830 4104 itaque
854 4030 882 4082 lt.
905 4028 925 4079 l·
946 4024 1034 4079 minui

66 4119 229 4169 commodum.
