2514 4782
59 314 89 371 c.
111 311 142 376 4.
420 283 688 357 -υ--ἰί-
892 283 981 371 167

60 508 228 578 oratione
242 507 465 602 auspicatur,
487 531 623 605 magno
643 507 908 578 circumstante
923 499 1049 582 'homi-

60 635 148 680 num
183 630 354 678 numero.
391 633 394 640 ’
425 609 669 680 Auresmihi
694 609 875 704 praebete,
907 610 1048 701 inquit,

61 726 199 780 sanctae
229 708 422 803 religionis
454 709 674 798 adversarii,
710 725 749 778 et
781 731 907 778 reram
932 711 1048 781 fidem

62 814 312 896 destruentes,
335 813 400 902 qui
416 811 569 881 nomine
595 811 702 903 digni
715 810 803 879 estis
818 810 1048 882 immanium
1070 870 1072 874 .

61 909 344 1004 apostatarum!''
354 912 492 982 Tribus
508 911 690 1004 proximis
714 911 902 981 hiemibus
927 913 1047 981 omni-

60 1011 168 1081 modo
188 1012 316 1080 labore
339 1013 549 1082 necessitati
565 1027 696 1081 vestrae
716 1009 906 1100 servivi,
902 1023 955 1080 ut
982 1037 1049 1106 per

60 1135 183 1182 meam
203 1112 491 1182 institutionem
498 1113 546 1184 ad
561 1136 688 1183 veram
704 1113 822 1183 fidem
838 1111 952 1214 'digne
965 1131 1048 1204 per-

60 1214 197 1300 venire,
220 1215 347 1304 sicque
366 1227 576 1284 sanatorem
596 1231 787 1301 restrum,
782 1207 923 1285 desum
940 1209 1048 1285 Chri-

62 1327 178 1400 stum,
206 1329 423 1384 constanter
447 1337 673 1407 agnoscere,
705 1314 937 1408 perversitati
957 1314 1047 1384 vero

64 1427 96 1482 et
111 1416 302 1484 erroribus
320 1407 537 1485 renuntiare
554 1418 749 1508 possetisc-
775 1417 1047 1502 Nostisetiam,

63 1513 155 1604 quod
185 1517 307 1608 primo
332 1509 627 1608 tempore‚¹⁴quo
654 1517 718 1587 hic
743 1515 908 1602 iui,.dei
936 1515 1048 1585 venia

64 1629 96 1683 et
131 1609 333 1684 christiana
366 1616 445 1684 tide
477 1639 609 1711 regem
649 1634 819 1688 vestrum
845 1615 1046 1708 irpptizavi,

64 1739 171 1806 quem
194 1716 274 1784 -dei
315 1719 457 1786 anxilio
491 1719 634 1787 bonum
674 1718 870 1787 hominem
902 1717 1047 1786 facturit
1143 1763 1145 1770 .

63 1817 199 1902 judic03
221 1816 324 1906 idem
348 1818 533 1910 baptizavi
547 1835 740 1911 magnam&
755 1813 1046 1886 multitudinem

65 1917 216 1986 aliorum
240 1919 465 2000 hominumn
491 1922 666 2015 proximo
692 1933 820 1989 autem
839 1931 933 2010 post·
948 1939 1046 1984 anno

66 2017 169 2086 multi
188 2041 234 2086 ex
257 2020 364 2088 vobis
387 2019 475 2090 iacti
500 2035 590 2092 sunt
613 2023 684 2092 filii
708 2019 874 2112 adoptivi
897 2033 1045 2086 aeterno

65 2122 142 2188 vita
172 2139 217 2186 ex
244 2119 401 2189 diutinis
433 2136 471 2190 et
501 2116 1046 2196 obsoletisastutiisoethnisae

66 2219 345 2336 superstitionis
372 2218 598 2313 [pauloante
611 2222 767 2295 rationis
783 2232 955 2314 exportes
967 2227 1048 2285 'cra

66 2323 107 2388 tis
126 2333 162 2387 et
177 2322 532 2413 pessimihaeretici,
563 2325 747 2422 nondum
743 2345 824 2424 per
847 2339 986 2412 aquam
1006 2315 1047 2383 et

66 2421 234 2511 Spiritum
264 2422 447 2492 Sanctum
479 2418 737 2524 regenerati,
756 2435 901 2528 neque¹
935 2416 1047 2489 tiberi

68 2523 343 2591 alumnisanctae
362 2524 553 2611 ecclesiae3
583 2523 677 2643 [jam
696 2523 899 2595 vobis'rem·
908 2519 1048 2590 miram

66 2643 205 2690 narrare
238 2635 414 2715 possum,
445 2637 585 2720 nempe
605 2629 796 2698 minorem
816 2621 943 2702 fuisse
957 2633 1047 2687 eam

68 2721 118 2790 dei
136 2725 519 2816 administrationem,
548 2748 699 2819 quares
722 2745 855 2796 omnes
875 2743 921 2792 ex
938 2719 1046 2788 uuila

65 2821 145 2891 fecit
165 2827 341 2911 materia,
365 2829 625 2918 quamtironos
641 2843 699 2898 at
705 2822 1046 2898 sancsosihomtnes

66 2923 176 3010 iacere
191 2950 236 2996 ex
255 2927 368 2996 melis
385 2927 587 3020 haereticis3
614 2927 1046 3001 nunodominusnoster

67 3028 160 3095 Jesus
184 3025 353 3095 Christus
385 3028 438 3098 sic
469 3027 561 3099 facit
580 3047 664 3101 ’sus
688 3023 968 3110 misericordia,
1002 3030 1046 3085 ut

67 3127 226 3196 homines
244 3143 484 3220 peccatores,
504 3131 578 3224 qui'
587 3129 792 3202 emendari·
805 3125 975 3219 cupiam,
997 3117 1047 3187 ad

66 3205 179 3297 reram
201 3227 470 3321 poenitentiam
489 3247 528 3300 et
548 3232 792 3306 clementiam
807 3227 964 3309 invitet;
990 3215 1047 3312 [at

66 3345 162 3415 vero,
183 3331 254 3397 etsi
268 3329 371 3399 vobis
380 3331 574 3425 ,aliisque
587 3335 755 3421 talibus,
770 3343 897 3400 tantas
919 3347 978 3394 res
999 3321 1046 3388 de

65 3424 154 3498 hona
176 3431 380 3500 voluntate
399 3447 438 3501 et
459 3433 666 3504 sufficienti
689 3445 879 3546 potestate
890 3419 1046 3492 domini

65 3529 173 3599 nostri
189 3535 275 3601 Jesn
299 3531 439 3602 Christi
465 3535 701 3620 demonstro,
720 3535 850 3602 tamen
866 3525 1046 3616 suspicor,

63 3627 330 3702 institutionem
347 3655 473 3704 meam
486 3636 621 3705 animis
632 3633 765 3704 vestris
779 3651 891 3723 paene
905 3623 1045 3694 intruc-

66 3733 320 3817 wasemium,
351 3751 442 3804 nam
468 3741 606 3838 magna
635 3757 681 3804 ex
705 3732 820 3815 vobis
837 3721 1045 3799 multitudo

63 3846 262 3925 susceptam
283 3834 399 3904 iidem
426 3847 467 3904 et
487 3819 724 3906 voluntatem
752 3828 898 3904 domini
928 3821 1048 3895 nostri

65 3934 154 4002 male
172 3947 210 4016 et
227 3934 385 4030 indigne
404 3937 625 4032 denegarit,
647 3958 761 4032 quam
778 3929 959 4029 proximis
975 3925 1055 3995 tri‘

15 4077 16 4086 t
65 4068 323 4091 ..Ι-...μυμ-

15 4117 17 4136 ⁵
101 4131 128 4196 ¹)
148 4150 193 4202 per
211 4153 305 4204 aquam
325 4146 350 4187 et
368 4136 397 4188 S.
416 4135 606 4208 Spiritum,.R·
