2534 4778
292 923 830 1035 Particula

64 1095 112 1180 de
141 1125 249 1210 rege
269 1093 445 1210 Sigurrlo
469 1095 603 1199 Sle'va,
627 1096 713 1181 filio
736 1095 989 1186 Gunnhilrlae
1009 1097 1054 1210 ¹).

386 1310 390 1318 l
465 1289 659 1314 *⁸*-

62 1323 263 1484 Ferunt,
307 1417 435 1490 regem
460 1396 661 1492 sigurdum
687 1397 833 1470 Slevanr
856 1399 1055 1486 (salivam),

66 1519 148 1562 cum
167 1495 245 1562 filii
271 1495 499 1566 Gunnhildee
526 1497 722 1590 Norvegiae
740 1499 985 1590 praefuerunt,
1014 1501 1056 1568 irr

65 1595 207 1665 Herdia
225 1595 349 1666 sedern
367 1595 556 1684 habuisse,
591 1600 718 1666 virum
738 1599 910 1690 pecuniae
929 1600 1055 1689 prodi·
1105 1679 1108 1686 ¹

67 1721 174 1792 gum,
204 1697 338 1766 alacris
358 1695 427 1763 viri
441 1699 606 1786 speciem
621 1720 697 1788 pree
715 1719 753 1766 se
769 1699 969 1786 ferentem5
997 1699 1054 1766 in-

67 1795 177 1890 genio
194 1797 369 1882 varium,
398 1795 663 1884 mulierosum,
689 1813 727 1865 et
740 1801 784 1866 in
802 1821 844 1866 ea
869 1819 908 1868 re
933 1801 1054 1890 impo-

64 1897 285 1965 tentiorem.
353 1897 526 1966 'l'horkel
552 1899 720 1992 Klyppus
758 1899 973 1968 nominatus
1000 1916 1055 1968 est

66 1997 136 2080 vir,
163 1996 243 2065 dux
260 2011 393 2088 potens
411 1995 451 2064 in
470 1998 631 2088 Herdie,
658 1999 759 2068 filius
774 1998 931 2086 Thordi,
959 2004 1052 2070 Hur-

70 2096 208 2168 dakarii
223 2097 311 2186 filii,
348 2097 407 2166 ‘vir
431 2096 572 2192 insigni
595 2097 833 2186 fortitudine,
863 2101 1051 2190 rebusque

69 2197 338 2288 gestis‚clarus;
366 2221 523 2268 uxorem
548 2199 682 2268 habuit
707 2199 864 2268 nomine
884 2200 1050 2286 olavam,

68 2298 321 2386 pulcritudine
346 2311 383 2364 et
412 2321 563 2367 morum
592 2299 777 2395 elegantia
799 2299 1048 2389 conspicuam.

70 2398 219 2470 Dicitur
235 2421 298 2467 rex
315 2397 496 2494 Sigurdus
514 2397 620 2468 Sleva
644 2399 823 2468 nuntium
847 2397 1050 2490 aliquando

72 2497 219 2568 adeum
238 2498 404 2588 misisse,
428 2513 472 2568 ut
485 2499 532 2568 ad
551 2523 589 2569 se
606 2501 768 2580 veniret3
784 2499 884 2589 quod
900 2500 1047 2568 erfecit.

73 2591 251 2668 Tum'rex
270 2597 370 2667 infit:
398 2601 450 2668 sic
468 2622 526 2668 res
541 2600 721 2684 sehabet3
747 2599 862 2666 instet
881 2600 1050 2668 occiden-

72 2712 144 2766 tem
160 2723 292 2769 versus
315 2701 356 2768 in
378 2701 554 2798 Angliam
574 2701 775 2796 profectio,
812 2712 851 2768 te
877 2699 980 2767 enim
1003 2700 1049 2767 ad

73 2819 193 2890 regem
220 2800 450 2870 Adalradum
471 2799 622 2880 mittere
655 2801 758 2888 volo,
797 2813 840 2867 ut
861 2799 1049 2867 tributum

74 2897 112 2963 ab
129 2923 170 2969 eo
190 2901 336 2994 exiga83
361 2925 449 2970 nam
466 2899 650 2982 homines,
677 2899 795 2990 qualis
810 2916 853 2966 tu
868 2919 918 2986 es,
945 2921 1048 2964 max-

73 2995 141 3066 ime
158 3015 250 3070 sunt
268 3001 392 3070 idonei
412 3001 457 3068 ad
478 2998 697 3092 perferenda
719 2997 934 3090 principum
953 2999 1047 3066 viro-

73 3119 150 3168 rum
167 3101 352 3170 mendeta.
380 3101 548 3173 Thorkel
562 3101 779 3192 respondet
802 3119 930 3166 nonne
944 3097 1048 3188 prius

73 3196 209 3292 legatos
226 3225 314 3270 cum
340 3201 477 3268 talibus
499 3201 684 3271 mandatis
711 3198 871 3270 misisti?
895 3213 932 3266 at
959 3221 1045 3268 vero

73 3293 109 3363 hi
130 3300 290 3390 proiecti
313 3325 390 3372 non
416 3299 619 3371 redierunt.
683 3301 725 3372 Id
742 3300 894 3393 quidem
915 3323 1047 3367 verum

75 3411 140 3485 est,
165 3402 217 3471 ait
234 3424 309 3486 rer,
331 3423 461 3471 verum
476 3424 553 3470 non
567 3382 730 3472 similem
751 3401 923 3470 existimo
941 3415 1047 3468 tuam

73 3496 108 3564 in
122 3503 262 3596 agendo
280 3503 554 3590 strenuitatem,
580 3518 692 3592 etque
709 3524 854 3586 eorum,
882 3500 947 3589 qui
966 3522 1046 3590 per·

73 3597 103 3663 vi
129 3602 312 3671 momenti
344 3617 440 3670 sunt.
501 3601 669 3674 Thorkel
694 3599 909 3690 respondit:
933 3601 1046 3688 siqui-

74 3697 148 3768 dem
167 3704 245 3772 mei
263 3701 376 3772 officii
391 3702 535 3791 judicas
551 3701 647 3772 hene
672 3702 900 3793 legationem
928 3699 1045 3788 obire,

72 3819 142 3869 non
159 3799 395 3892 den-aetem,
419 3803 589 3896 quamvis
607 3802 742 3892 ceteri,
769 3801 836 3894 qui
850 3800 945 3870 istuc
961 3825 1046 3892 pro·

109 4001 457 4064 ¹)00ne.-us.mn10m
477 3995 601 4070 ursus,
624 4003 666 4054 er.
686 4003 762 4054 uuis
780 3999 800 4054 r.
820 3989 881 4067 rm
902 4021 959 4072 up.
981 4006 998 4052 2
1018 4005 1045 4056 st

77 4085 229 4154 ursillum
243 4096 306 4166 liar.
326 4095 398 4146 Grul'.
418 4093 484 4164 Gap,
507 4091 551 4146 14.
621 4134 624 4139 .
