2514 4782
263 241 354 336 232
547 258 824 350 m
1052 209 1205 365 ‘ss-e

196 495 339 566 nupero
353 485 523 570 remotus
541 475 702 566 (ππ),
728 491 772 548 ut
792 501 813 546 a
834 476 1008 568 testibus,
1034 477 1204 550 illorum

196 586 416 666 temporum
432 577 651 670 oeqnaiibus,
675 577 907 652 narrationes
922 599 1006 648 suas
1021 579 1201 652 hausisse

192 671 376 760 videatur,
829 724 835 748 [ι

297 771 332 870 §.
350 783 381 850 6.
432 781 494 850 De
526 795 683 876 auctore
703 777 904 868 Rekstefjae
932 801 1009 871 non
1035 803 1200 852 consen·

194 873 526 974 tiuntscriptores3'
550 877 623 952 hac
635 881 730 962 dere
740 881 782 954 in
795 881 1017 972 duaspartes
1026 881 1196 950 abeunt:

157 1049 160 1058 ,
193 977 315 1076 nostri
331 979 477 1052 Codicis
490 982 680 1074 recensio,
707 1007 782 1076 qno
799 997 838 1050 et
855 981 1026 1072 proxime
1044 982 1196 1068 accedit

190 1072 323 1162 Codex
339 1084 603 1180 Byrgeriahus,
619 1108 706 1156 eam
722 1084 770 1156 ad
783 1082 1078 1156 Hallarsteinem
1099 1107 1194 1152 auc-

191 1190 315 1252 torem
329 1183 458 1275 refert,
483 1200 613 1261 contra
633 1188 805 1274 recensio
826 1184 973 1268 Codicis
989 1185 1192 1276 Flateyen·

189 1280 241 1372 sis
258 1284 415 1356 eandem
431 1288 566 1362 Marko
595 1287 749 1382 Skeggii
766 1287 847 1359 filio
864 1285 1040 1354 vindicat.
1095 1287 1123 1354 F
1126 1309 1192 1354 ru-

191 1395 264 1452 stra
285 1387 374 1480 erit,
396 1387 662 1460 testimonium
682 1385 859 1458 alterutri
878 1382 1014 1454 haram
1037 1400 1188 1453 senten-

187 1481 332 1581 tiarum
348 1505 480 1582 petere
496 1513 545 1558 ex
567 1489 723 1567 historia
743 1485 855 1560 Olavi
871 1485 1008 1581 primi,
1032 1485 1187 1575 qualem

190 1585 345 1659 exhibet
359 1593 504 1662 Snorrii
521 1587 825 1688 Heimskringla‚
851 1585 893 1660 in
913 1587 1021 1674 cujus
1045 1607 1121 1675 cap.
1142 1595 1185 1657 21

191 1686 329 1758 citatur
346 1693 591 1782 Haliarstein,
618 1707 657 1762 et
671 1713 760 1764 mox
780 1688 915 1760 eodem
936 1707 1014 1778 cap.
1030 1686 1187 1758 Maritus

189 1785 339 1886 Skeggii
353 1789 380 1862 f.
391 1795 644 1892 ethekstefja.
673 1798 783 1882 Nam,
801 1791 842 1860 in
855 1789 983 1882 priore
991 1787 1085 1874 loco,
1103 1810 1187 1858 ver·

189 1884 251 1958 ba:
271 1889 788 1990 „svosegirliollnrsteinn”
808 1907 846 1962 et
856 1901 1080 1980 sequentem
1089 1903 1185 1956 stro·

186 1985 304 2078 Pham
321 2015 453 2082 omnes
464 1995 593 2084 eodo,
607 1996 784 2088 praeterF
785 1993 981 2078 sisinnum,
992 1987 1182 2077 nesciunt,

181 2110 312 2187 ⁸neque
330 2095 443 2168 metri
455 2095 553 2191 ratio
571 2097 732 2192 patitur,
755 2107 799 2186 nt
812 2091 911 2164 hanc
926 2088 1123 2180 stropham
1136 2087 1183 2159 ad

185 2189 417 2281 Rekstefjam
431 2205 565 2290 (quam
578 2212 760 2290 praeterea
778 2195 967 2288 integram
982 2213 1061 2260 esse
1071 2204 1179 2280 puta·

182 2293 285 2386 mus)
298 2295 515 2374 referamus.
543 2300 589 2370 In
602 2299 813 2392 posteriore
826 2298 923 2382 loco,
941 2291 1072 2361 verba:
1092 2314 1177 2370 „svo

180 2397 288 2488 §egit
303 2399 472 2480 Markn's
491 2403 727 2497 Skeggjason
751 2397 775 2498 ,s
790 2387 1016 2487 Rekstejju''
1039 2389 1181 2460 inserta

182 2507 272 2564 sunt
288 2493 332 2566 ab
350 2495 566 2576 Editoribus
590 2527 636 2576 ex
652 2499 790 2576 Codice
808 2497 837 2568 F
839 2490 1042 2586 lateyensi,
1070 2505 1109 2560 et
1122 2511 1181 2558 se-

180 2612 366 2696 quentem
384 2590 587 2700 'stropham
599 2605 731 2676 nulius
747 2599 875 2670 Codex
885 2591 1180 2683 Heimslsringlaa

181 2690 313 2788 hahet,
344 2721 498 2800 praeter¹
531 2705 726 2796 exemplar
771 2692 1177 2789 Peringskjoldianum.

181 2797 258 2866 Etsi
279 2818 410 2878 autem
431 2831 511 2886 non
536 2805 681 2892 dubito,
704 2800 929 2898 posthabito
944 2791 1081 2862 Codice
1092 2793 1180 2860 Fla·

180 2905 346 3003 teyen'si,
370 2909 640 2978 auctoritatem
662 2905 812 2978 Codicis
839 2895 956 2970 nostri
977 2893 1115 2976 bacin
1136 2915 1181 2962 re

175 3000 307 3092 Sequi,
333 3019 419 3098 tunr
441 3011 488 3080 ob
513 3023 665 3082 etatem
681 3006 797 3096 hujus
815 2995 1059 3082 recensionis,
1084 3015 1179 3064 cum

173 3095 373 3189 probabile
383 3095 473 3202 sit,¹
492 3133 577 3184 eam
595 3104 811 3202 Flateyensi
837 3123 917 3172 esse
938 3111 1017 3167 toto
1045 3094 1177 3164 seculo

176 3205 427 3301 superiorem,
443 3228 529 3284 tum
548 3212 595 3286 ob
612 3205 793 3282 accedens
818 3195 1040 3298 Byrgeriani
1065 3193 1176 3264 Codi-

126 3331 127 3336 1
178 3297 233 3370 'cis
251 3307 539 3382 testimonium:
562 3331 692 3384 tamen
706 3309 780 3378 hoc
802 3301 912 3394 valde
927 3294 1175 3392 memorabile

178 3415 253 3493 est,
287 3410 390 3500 quod
423 3409 553 3482 Codex
581 3409 834 3503 Flateyensis‚
871 3400 999 3474 seculo
1026 3395 1176 3466 decimo

102 3498 105 3506 ’
177 3523 309 3594 quarto
324 3503 583 3608 'conscriptum
610 3512 712 3582 idern
741 3526 898 3580 carmen
921 3499 969 3570 ad
992 3495 1178 3610 Maritum

173 3603 329 3704 Skeggii
353 3611 496 3704 filium,
528 3617 595 3712 qui
629 3613 760 3684 seculo
791 3601 993 3678 undecimo
1028 3597 1177 3684 florurt,

170 3705 303 3804 ‚10er
325 3711 506 3812 idemque
526 3717 617 3788 adeo
632 3737 747 3806 supra
761 3716 952 3780 trecentos
961 3719 1077 3770 annos
1087 3719 1178 3767 eve-

172 3799 243 3882 hit·
274 3863 279 3870 v
302 3816 396 3907 Quae
421 3805 599 3912 tempora
628 3839 717 3885 cum
742 3803 920 3882 accurate
938 3796 1110 3911 incidant
1130 3798 1177 3867 in

172 3920 324 3980 aetatem
352 3913 498 4003 Steinis
517 3919 690 4010 Herdisro
715 3911 806 3998 filii,
842 3923 966 3996 operae
1002 3913 1176 3990 pretium

171 4005 261 4076 duxi
294 4020 637 4105 nonnullafadierre
666 4019 911 4106 argumenta,
934 3997 1177 4112 quae.p,r⁰b1}·

171 4105 247 4180 bile
260 4111 458 4212 sennenn*
472 4147 545 4216 per
568 4111 868 4203 Haliarsteinem
892 4099 1056 4206 intelligi
1074 4099 1175 4213 Stei-

168 4226 258 4284 nem
274 4216 445 4295 Her-disee
466 4224 617 4294 filium
659 4213 771 4312 Quod
792 4211 823 4282 si
844 4205 898 4282 ita
915 4219 987 4295 est,
1015 4219 1174 4274 concin-
1255 4278 1256 4287 ἵ
