2514 4782
159 298 160 303 Ν
246 219 363 310 212·
534 229 807 296 ,ΒΕ-Ξ...-
1055 233 1195 340 crs-7.

185 447 388 544 islandiam
410 467 498 514 curn
519 431 641 513 (laura
661 438 827 510 Hordico
845 433 1058 508 transmisit,
1078 453 1197 521 pros·

185 571 349 642 peraque
366 545 607 640 navigatione
632 565 742 622 usus,
780 559 915 606 navem
935 539 976 604 in
1000 534 1211 614 Leiruvo7

187 674 281 743 gum
303 649 402 718 infra
424 662 605 715 montana
630 641 789 733 appulit.
854 639 887 704 T
892 660 957 704 um
976 638 1115 704 Ormus
1151 631 1199 700 id

186 752 277 838 novi
294 749 497 840 comperit,
525 769 653 816 senem
674 740 881 813 Storolfum
896 737 997 806 inter
1014 758 1071 804 res
1094 757 1200 802 cum

187 851 382 928 Dultlrak‚o
418 849 574 942 agitatas
604 860 770 916 mortem
794 838 1041 932 oppetivisse3
1077 834 1201 918 csrjus

189 953 343 1043 quidem
374 974 476 1020 rnors
508 949 636 1040 paucis
670 941 892 1013 hominibus
930 937 1063 1007 acerba
1098 936 1198 1002 tuit.

131 1094 133 1102 v
188 1055 293 1124 Tum
313 1055 452 1122 Ormus
470 1051 627 1121 domurn
656 1041 973 1116 Storollsbvolum
999 1059 1037 1105 se
1054 1051 1202 1104 contn-

188 1157 255 1244 lit,
290 1155 419 1246 ibique
449 1152 721 1220 villicationem
743 1141 929 1226 instituit,
967 1139 1109 1226 diuque
1139 1134 1204 1202 ibi

186 1255 395 1342 habitavit,
432 1269 634 1346 postquam
660 1265 793 1318 necem
820 1243 935 1334 patris
962 1241 1065 1308 ultus
1094 1251 1200 1320 erat,

190 1357 511 1446 quemadmodum
556 1343 599 1423 in
631 1345 912 1418 Commentario
958 1341 1003 1412 de
1032 1337 1203 1407 Islandis

189 1460 384 1528 memoriae
404 1456 601 1549 proditum
620 1469 684 1523 est.

472 1560 533 1626 De
559 1547 889 1645 neceAsbjdrnis.
929 1559 931 1564 ’

242 1659 389 1751 Caput..
435 1659 554 1730 Paulo
579 1673 780 1748 postquam
801 1651 940 1718 Ormus
963 1657 1001 1713 et
1028 1640 1202 1724 Asbi'orn

192 1759 345 1853 digressi
374 1777 482 1850 sunt,
529 1760 691 1845 Asbjbrn
732 1750 941 1843 cupiditate
975 1757 1104 1832 captus
1139 1753 1205 1806 est

189 1861 344 1932 boream
371 1881 501 1934 versus
523 1863 565 1934 in
590 1856 777 1949 Sandeyas
808 1845 1041 1936 trajiciendi,
1079 1865 1204 1912 nave-

192 1985 268 2052 que
292 1963 486 2052 profectus
508 1961 645 2053 viginti
675 1957 854 2048 quatuor¹
881 1947 966 2016 viris
992 1948 1202 2027 instructa,

192 2086 345 2135 cursum
369 2063 417 2134 ad
442 2063 612 2134 boreales
632 2057 779 2134 Moeriae
805 2064 929 2135 tenet,
953 2068 1112 2135 seroque
1134 2042 1202 2110 die

190 2188 327 2235 navem
349 2165 397 2236 ad
421 2165 637 2259 Saudeyam
665 2156 894 2228 exteriorem
918 2149 1102 2251 applicata
1135 2165 1204 2214 ex-

192 2266 397 2353 scendunt,
421 2269 636 2350 tentorium
663 2266 856 2342 statuunt,
889 2251 1018 2338 ibique
1034 2264 1205 2336 pernoc-

137 2371 139 2375 '
192 2379 286 2455 tant,
305 2366 405 2436 nihil
421 2369 511 2437 novi
525 2364 883 2438 animadvertentes.
937 2349 1064 2420 Primo
1080 2365 1205 2414 mane

192 2471 311 2564 surgit
325 2469 506 2558 Asbjbrn,
531 2482 652 2538 vestes
669 2462 813 2537 induit,
838 2475 943 2523 arma
972 2449 1070 2540 capit
1094 2460 1137 2512 et
1161 2446 1205 2512 in

192 2582 334 2638 terram
368 2571 467 2657 exit,
500 2571 577 2642 suis
601 2592 641 2639 se
660 2557 871 2658 praestolari
902 2553 1021 2641 jussis.
1096 2545 1207 2612 Cum

194 2691 279 2738 vero
302 2669 544 2763 aliquantum
564 2665 748 2759 temporis
772 2667 1025 2755 processerat,
1049 2671 1096 2716 ex
1122 2668 1206 2737 quo

195 2769 408 2842 discesserat
427 2774 599 2860 Asbjbrn,
626 2765 946 2841 animadvertunt,
970 2753 1084 2820 felem
1107 2747 1207 2815 hor-

193 2872 350 2942 rendam
373 2878 515 2944 ostium
538 2867 773 2942 tabernaculi
807 2862 1035 2950 ingressam,
1069 2847 1211 2918 carbo-

195 2972 254 3040 nis
275 2973 394 3044 instar
415 2977 589 3070 nigram,
621 2973 809 3054 majorem
835 2963 877 3030 in
897 2950 1052 3044 modum
1077 2949 1211 3018 lurio-

194 3091 291 3161 sam,
314 3100 403 3148 nam
421 3079 525 3146 visus
551 3090 606 3146 est
624 3072 723 3166 ignis
744 3089 790 3138 ex
811 3059 964 3134 naribus
980 3067 1018 3122 et
1033 3074 1099 3119 ore
1120 3049 1213 3134 ejus

195 3173 345 3266 ardere,
373 3202 502 3270 neque
519 3201 607 3247 sane
628 3171 747 3243 oculis
770 3166 955 3259 pulcram.
1013 3157 1095 3246 Quo
1123 3152 1211 3219 viso

194 3291 381 3366 perquam
404 3279 611 3367 commoti,
651 3289 868 3366 pavoreque
899 3255 1067 3350 perculsi
1094 3266 1213 3319 sunt.

196 3373 295 3445 Felis
323 3377 427 3448 intro
449 3379 497 3448 ad
530 3401 593 3448 eos
617 3376 857 3460 irrumpens,
895 3379 1015 3430 unu-m
1041 3364 1131 3445 post
1156 3355 1217 3420 al-

194 3489 323 3548 terurn
341 3477 519 3573 corripit,
546 3498 641 3570 quos
660 3473 801 3567 partim
820 3466 1031 3540 devorasse,
1060 3452 1217 3544 partim

196 3579 390 3668 ungvibus
416 3596 455 3650 et
481 3580 658 3652 dentibus
693 3565 933 3658 discerpsisse
959 3559 1122 3636 dicitur3
1160 3556 1217 3624 sic

197 3675 302 3748 brevi
322 3684 508 3772 temporis
534 3680 657 3773 spatio
693 3668 834 3768 viginti
846 3661 1024 3734 homines
1047 3654 1219 3724 interfe-

198 3779 416 3867 siquibus
448 3810 469 3854 e
494 3775 739 3854 tabernaculo
758 3765 1013 3841 elabentibus,
1040 3757 1110 3849 qui
1147 3777 1220 3826 na-

198 3898 286 3949 vam
300 3885 417 3973 nacti,
439 3885 625 3958 continuo
645 3880 690 3950 ab
705 3867 831 3944 insula
842 3866 1081 3960 navigarunt.
1141 3859 1221 3926 As-

198 3975 308 4063 bibrn
325 4007 415 4053 vero
434 4001 479 4054 eo
498 4007 620 4076 usque
636 3975 822 4070 procedit,
848 3967 967 4041 donec
986 3960 1031 4032 ad
1048 3970 1221 4030 antrum

203 4081 464 4100 Q—

233 4110 276 4177 ·⁸)
293 4115 389 4178 viginti
407 4093 512 4178 nihils,
534 4115 578 4178 E,
597 4111 693 4178 viginti
713 4105 835 4166 dnobus,
858 4101 894 4150 ΙΙ.
