2594 4784
293 227 355 346 23
517 289 521 304 ·
590 249 859 312 ²²²
1095 263 1236 382 cem·

228 475 313 529 tum
335 455 560 530 desiderium
578 457 686 528 Olavi
700 459 796 553 regis
813 457 1053 534 Hallfredum
1070 460 1237 548 invasit,

227 574 273 628 nt
290 583 336 627 ex
357 561 464 628 nulla
481 582 521 626 re
537 560 774 649 voluptatem
795 575 965 650 caperet3
990 587 1107 653 quare
1131 584 1241 632 nave

228 675 399 732 austrum
424 681 551 730 versus
574 658 615 728 in
640 661 818 750 Daniam,
843 677 909 732 aut
932 663 1121 738 orientem
1146 686 1242 732 ver-

228 782 291 830 sus
311 762 351 829 in
363 759 531 834 Sveciam
546 760 735 852 proficisci
751 761 963 835 constituit.
1015 765 1062 840 ln
1076 787 1242 833 recessu

230 862 392 952 quodam
400 863 512 934 maris
524 861 719 931 constituti
731 871 818 932 cum
831 862 1104 952 delitescerent,
1119 865 1241 936 Hell-

229 961 379 1050 fredus‚
416 962 585 1053 cognito,
627 961 798 1036 Eirikum
828 964 1026 1056 dynastam
1053 965 1238 1036 Hakonis

158 1123 160 1128 ,
230 1063 355 1140 filium
370 1063 472 1134 haud
489 1065 624 1154 procul
637 1062 728 1150 ,inde
751 1063 792 1136 in
819 1081 920 1136 terra
947 1087 988 1134 se
1016 1068 1237 1152 continere,
1284 1063 1285 1156 l

230 1163 358 1235 animo
378 1163 552 1259 agitavit,
575 1165 769 1258 dynastam
783 1164 1021 1255 interficere,
1055 1167 1237 1258 quamvis
1284 1161 1285 1256 l

231 1265 431 1338 confestim
452 1267 664 1354 periturus..
708 1269 755 1340 Et
773 1279 884 1338 nocte
903 1267 948 1336 ab
972 1267 1046 1336 hoc
1068 1268 1236 1340 consilio
1284 1277 1285 1320 ἓ

142 1408 144 1413 ·
231 1366 426 1459 proxima,
450 1367 651 1440 somniavit
672 1366 886 1438 Hallfredus
912 1389 1042 1460 regem
1065 1369 1238 1440 Olavnm
1284 1381 1285 1428 ἑ

231 1465 280 1538 ad
312 1489 351 1546 se
386 1467 624 1558 venientem,
660 1481 699 1540 et
734 1469 786 1542 sic
822 1469 1094 1558 alloqventemt
1126 1468 1236 1556 hoc,
1284 1457 1285 1466 ¹

233 1567 336 1660 quod
355 1567 481 1638 animo
504 1592 607 1642 nunc
632 1567 770 1662 agnae,
796 1569 1008 1656 Hallfrede,
1042 1569 1090 1638 de
1111 1569 1237 1644 inter·

232 1667 392 1740 ficiendo
412 1667 568 1760 dynasta
583 1669 721 1742 inutile
745 1670 947 1740 consilium
962 1687 1035 1753 est5
1062 1670 1140 1740 imo
1160 1693 1235 1760 po-

231 1771 309 1841 tius
325 1791 479 1841 carmen
493 1769 716 1842 intercalare
734 1770 779 1838 de
794 1793 838 1840 eo
853 1775 1059 1860 compone!
1107 1775 1235 1844 Mane

232 1869 407 1966 proxime
432 1872 599 1960 seqventi
626 1870 865 1958 Hallfredus,
904 1874 1004 1946 solus
1026 1896 1047 1940 e
1069 1871 1155 1942 navi
1187 1873 1235 1940 in

233 1984 376 2040 terrem
396 1969 601 2062 egreditur,
624 1969 743 2040 donec
760 1975 801 2042 in
815 1971 945 2044 villam
960 1973 1142 2064 pervenit,
1158 1973 1232 2042 ubi

234 2070 360 2144 aderat
382 2071 534 2144 Eirikus
557 2073 728 2164 dynasta,
753 2095 841 2146 mox
866 2073 1105 2147 coenaculum
1136 2073 1232 2156 edit,

232 2173 276 2245 in
307 2195 381 2263 quo
409 2173 567 2264 dynasta,
582 2175 746 2264 potabat.
815 2173 888 2246 Hic
924 2174 970 2242 ab
1004 2173 1233 2244 hominibus

236 2273 361 2344 statim
381 2275 570 2366 cognitus,
594 2273 794 2348 confestim
817 2289 948 2365 ceptus
971 2287 1010 2344 et
1039 2277 1085 2345 ad
1112 2274 1232 2365 dyna-

235 2385 334 2444 stam
353 2372 487 2446 ductus
503 2389 569 2448 est.
637 2379 804 2468 Dynasta
821 2400 910 2446 eum
933 2375 980 2444 ob
1004 2377 1235 2448 mutilatum

236 2473 542 2565 caticumenum,
560 2477 796 2552 Thorleifum
807 2477 1027 2566 sapientem,
1051 2473 1232 2560 interfici,

238 2597 350 2683 quem
369 2580 568 2662 celerrime
581 2571 762 2672 colligari,
786 2580 972 2667 domoque
986 2578 1096 2650 educi
1108 2575 1229 2664 jubet.

239 2677 336 2746 Cum
357 2704 446 2749 vero
478 2701 629 2771 compes
655 2680 851 2752 Hallfredo
880 2678 1021 2766 injicen
1036 2695 1118 2766 tur,
1141 2699 1232 2766 pre-

236 2777 395 2849 hensam
421 2805 443 2850 e
465 2783 639 2850 menibus
661 2780 913 2868 injicientium
943 2781 1073 2876 eripit,
1112 2777 1233 2846 libra·
1285 2815 1286 2878 3

238 2893 393 2978 tamque
413 2881 527 2974 capiti
545 2887 658 2953 unius
674 2881 854 2973 impingit
869 2881 932 2970 ita,
958 2895 1003 2948 ut
1017 2878 1146 2948 statim
1161 2900 1229 2946 ex·
1285 2899 1286 2978 t

156 3067 159 3072 Ι
237 2981 406 3072 spiraret.
458 2983 553 3056 Heic
576 2982 728 3074 dynasta
753 2979 914 3068 hortari,
941 2996 1091 3054 uteum
1109 2975 1230 3074 quam
1285 3005 1286 3066 t

239 3083 418 3155 citissime
435 3084 673 3171 interficiant,
686 3106 733 3152 ne
750 3081 1089 3172 plusmelifaceret.
1120 3085 1230 3153 Tum
1285 3141 1286 3150 ,

239 3187 360 3279 surgit
375 3185 430 3252 vir
445 3205 581 3270 senex,
607 3188 672 3274 qui
689 3197 799 3256 antee
816 3183 857 3254 in
880 3205 1032 3252 scamno
1051 3179 1230 3250 consede-

238 3298 313 3377 rat,
340 3308 454 3376 quem
472 3281 712 3354 Thorleifum
729 3284 939 3373 sapientem
961 3306 1038 3351 esse
1060 3279 1226 3356 Hnllfre·

240 3385 306 3456 dus
322 3384 515 3478 cognovit3
547 3384 579 3451 is
599 3386 645 3455 ad
669 3385 867 3477 dynastam
884 3383 1062 3452 accedens
1089 3403 1229 3471 pacem

239 3488 274 3556 ei
291 3485 469 3578 exposcitl
521 3485 590 3554 Cui
608 3486 780 3578 dynasta:
821 3483 860 3552 id
885 3485 1005 3553 multo
1034 3480 1225 3571 iniquissi-

239 3613 347 3660 mum
363 3604 436 3672 est,
472 3602 516 3656 tn
538 3603 582 3656 ut
600 3587 690 3656 huic
715 3584 832 3655 vitam
853 3601 957 3674 petas
979 3595 1018 3650 et
1042 3581 1225 3650 securita-

239 3706 338 3774 tem3
361 3687 635 3772 meministine,
662 3686 763 3777 quod
774 3685 962 3754 mutilavit
976 3695 1027 3768 te,
1051 3683 1224 3750 oculum-

242 3817 316 3890 que
335 3794 433 3865 eruit
455 3788 547 3862 tibi?
571 3785 803 3863 Thorleifus:
838 3797 1000 3881 potestas
1024 3782 1098 3853 fnit
1118 3785 1225 3858 Hell-

241 3996 317 4031 sonnr
340 3974 478 4046 Tryggvo,
507 3969 530 4026 i,
546 3983 569 4016 e.
590 3965 663 4029 enjus
680 3966 738 4015 lraec
757 3962 860 4033 stropha
879 3961 1036 4012 intercalaris
1053 3971 1108 4011 est:
1131 3959 1223 4009 Vacua

240 4081 290 4120 ton·
313 4067 374 4116 laeta
388 4064 468 4132 patria
490 4071 541 4112 est.
563 4066 663 4106 mortuo
682 4074 759 4123 rege;
784 4073 836 4125 pax
853 4047 937 4106 omnis
953 4052 1097 4114 evanescit,
1118 4053 1224 4100 interitu

240 4159 360 4213 bellicosi
372 4154 500 4224 'l'ryggvii
516 4149 585 4217 titii,
603 4151 693 4200 inserit
713 4149 742 4199 F.
