2514 4782
43 248 122 310 or.
408 231 679 298 m
835 213 994 346 *213¹

43 443 160 514 Brusii
182 444 369 534 pervenit,
393 466 468 536 qno
486 439 685 512 confestim
701 440 801 510 intro
816 463 856 510 se
867 441 1042 532 corripit;

45 551 98 616 oui
112 569 207 614 curn
223 549 391 633 ingresso
405 545 508 612 oculi
519 543 734 614 obscuriore
749 543 835 613 loco
850 545 1042 636 praesnira

44 660 238 740 gerentur,
254 659 357 714 antro
379 645 626 730 urnbrosiore,
645 645 849 734 improviso
873 643 1042 726 sublimis

47 747 190 838 rapitur
215 763 254 816 et
271 759 375 815 tanta
393 747 429 813 vi
460 749 540 815 solo
565 745 749 833 alliditur,
778 759 822 818 ut
841 744 913 835 ipsi
932 743 1044 813 mira-

47 852 188 918 tionem
215 849 377 932 faveret,
403 859 489 917 tum
507 847 787 932 animadvertit,
811 845 937 916 adesse
954 845 1044 912 Bru·

48 951 141 1016 sium
159 953 359 1034 Jdtunem,
385 947 625 1020 immanioris
647 949 829 1020 vastitatis
852 947 976 1038 speeie
1006 968 1043 1013 se
1078 989 1086 996 -
1179 1007 1184 1014 .

46 1050 243 1117 ferentem.
305 1053 408 1120 Turn
434 1051 605 1120 Brusius:
634 1063 785 1122 tusone
810 1047 946 1142 cupide
972 1045 1044 1114 ela·

48 1150 209 1236 borasti,
238 1161 281 1221 ut
300 1150 376 1217 huc
399 1151 638 1242 perveniret,
664 1152 742 1237 jam
762 1173 917 1243 quoque
945 1147 1042 1234 faxo,

49 1275 90 1316 ne
110 1251 257 1322 frustra
295 1250 485 1340 advenias,
531 1254 618 1327 heic
650 1253 753 1326 enim
780 1253 898 1320 vitam
924 1247 1045 1316 tantis

51 1351 275 1420 cruciatibus
297 1355 458 1439 amittet,
484 1367 528 1422 ut
553 1353 726 1427 futorum
745 1353 804 1440 sit,
831 1368 875 1421 ut
895 1349 960 1422 atii
983 1347 1044 1416 de·

8 1539 16 1546 ·
51 1466 280 1537 terreantur,
316 1476 363 1522 ne
392 1453 549 1524 domurn
577 1477 702 1524 meam
734 1453 864 1524 hostili
898 1469 1044 1545 aggres-

51 1553 146 1622 sione
167 1553 334 1626 visitent.
359 1639 361 1644 Ι
395 1557 480 1646 Quo
507 1557 604 1626 dioto
624 1557 853 1643 Asbjdrnem
879 1550 1044 1620 vestibus

52 1655 168 1740 exuit,
193 1668 345 1724 tantum
370 1657 475 1728 enirn
492 1658 592 1726 inter
613 1660 699 1728 illos'
724 1657 798 1728 i'uit
816 1655 955 1728 virium
975 1651 1045 1718 dis·

53 1755 209 1842 crimen,
235 1769 279 1822 ut
301 1757 430 1825 Jdtoni
456 1759 526 1828 soli
548 1781 629 1827 rem
646 1759 748 1830 inter
774 1781 837 1826 eos
864 1774 1044 1844 peragere

51 1857 212 1922 licuerit.
273 1855 433 1941 Astjarn
467 1863 664 1950 conspexit
690 1863 889 1953 ingentem
916 1876 1044 1942 sepem

51 1957 219 2045 ligneam
232 1976 303 2045 per
319 1971 576 2030 transversum
600 1977 756 2031 antrum
775 1957 1044 2049 pertinentem,

52 2056 113 2122 cui
132 2057 269 2154 ingens
294 2057 468 2132 foramen
486 2060 625 2146 inarata
648 2062 750 2134 huod
771 2059 905 2153 procul
921 2082 942 2124 a
960 2077 1045 2144 sepe

52 2156 185 2248 ingens
199 2156 321 2226 ferrea
336 2159 512 2230 columna
529 2167 659 2236 stabat.
717 2169 828 2236 Nunc
851 2157 1046 2248 experien-

1 2337 2 2344 ἵ
53 2257 141 2325 dum
170 2271 240 2344 est,
270 2259 323 2330 ait
348 2261 523 2350 BrusiuS,
557 2265 693 2358 ecquid
715 2265 797 2336 aliis
828 2257 1045 2330 hominibus

52 2357 275 2428 fortitudine
293 2376 458 2449 praestes.
513 2369 606 2438 Haec
629 2367 785 2458 quidem
805 2363 941 2453 exigua
964 2379 1047 2447 pro-

56 2458 224 2544 babitur,
250 2461 303 2534 ait
324 2461 497 2554 Asbjiirn,
523 2490 658 2540 verum
676 2467 813 2538 cecidit
833 2462 1047 2540 infeliciter,

53 2560 154 2648 qood
167 2557 311 2628 nullam
324 2560 580 2637 defensionem
594 2585 770 2660 praestare
787 2564 893 2656 potui
905 2587 915 2644 5
933 2577 1047 2650 quare

53 2684 139 2728 vero
159 2659 279 2728 simile
297 2675 374 2751 est,
401 2689 463 2736 me
482 2669 629 2740 ultimis
653 2671 732 2760 jam
753 2666 839 2738 latis
861 2664 938 2757 agi,
964 2675 1048 2727 turn

54 2761 120 2829 hos
138 2783 265 2828 versus
279 2765 457 2852 protulit:

159 2865 278 2931 Nemo
307 2889 373 2932 sua
399 2883 526 2957 potest

157 2977 236 3028 arte
261 2966 473 3056 considere,

159 3069 398 3150 qriantnmvis
424 3074 620 3144 animosus,

155 3164 375 3236 robustuave
398 3173 488 3242 siet:

157 3287 292 3356 nempe
318 3269 377 3336 die
402 3270 505 3340 latiali

157 3365 252 3430 vires
279 3372 506 3464 animusque

157 3466 338 3536 deliciunt
355 3477 552 3560 quemvis,

156 3567 309 3636 fortuna
331 3570 542 3644 deficiente.

51 3663 203 3733 Deinde
225 3669 399 3757 Brusius,
434 3673 596 3744 dissecto
622 3691 754 3747 ventre
773 3676 969 3764 Asbjarnis
993 3692 1053 3738 ex-

52 3767 290 3836 tremitatem
328 3771 601 3846 intestinorum
638 3795 792 3868 nactus,
834 3778 1056 3848 columnam

50 3867 215 3933 ferream
238 3871 532 3966 rirournligavit,
561 3877 624 3944 hir:
650 3882 871 3965 Asbjiirnem
894 3879 1055 3947 ‘circum-

53 3969 182 4056 duxit,
209 3970 273 4057 qui
294 3972 391 4042 nihil
415 3994 614 4049 turretatus
638 3984 850 4068 circumiit,
878 3977 1054 4049 omnibus
