2534 4778
294 305 384 398 134
481 314 483 322 ’
579 323 851 382 ·“---··“·-·-“--“
1039 335 1210 402 nn.

232 547 277 606 ut
299 523 474 606 Haretus'
495 529 537 599 in
565 527 752 620 colloquio
780 525 1044 610 Thorsteinem
1069 530 1114 606 de
1138 531 1209 603 suis

232 637 344 705 rebus
360 633 472 727 gestis
488 633 756 722 interrogarem
783 631 847 697 cui
862 631 1067 702 Thorstein
1089 633 1137 706 ad
1161 659 1209 742 ea,
1239 623 1244 644 ’

235 761 317 828 quae
345 737 615 824 interrogaret,
649 730 853 820 respondit.
919 731 1092 803 Harekus
1120 758 1210 824 quae·

233 841 301 912 rit:
327 857 485 926 ecquem
505 833 545 899 in
562 833 746 933 Noruegiu
764 830 959 900 hominem
982 833 1081 904 nosti
1104 851 1143 904 te
1158 858 1210 902 ro

235 932 468 1006 bustiorem?
494 931 608 1002 Haud
625 905 799 1021 equidem
815 945 917 999 certo
932 933 1020 1021 scio,
1036 935 1211 1030 aitThor·

236 1038 345 1106 stein.
402 1031 591 1105 Harekus:
616 1047 749 1104 utrum
768 989 1020 1115 robustiorem
1036 1025 1157 1126 putas,
1177 1052 1209 1104 to

234 1162 282 1210 nn
304 1131 458 1231 regem?
482 1132 658 1206 Thorstei
662 1155 707 1202 n:
733 1131 930 1248 munibus,
956 1135 1086 1232 credo,
1109 1139 1211 1208 rebus

234 1241 348 1324 aliis,
360 1257 472 1326 quam
490 1236 647 1322 robore,
670 1231 752 1325 regi
772 1253 875 1302 sum
893 1223 1067 1325 inferior,
1094 1261 1209 1328 neque

233 1355 362 1412 tamen
379 1359 421 1406 ea
440 1334 594 1426 quidem
612 1357 653 1401 re
674 1333 784 1402 illum
807 1333 1007 1424 aequiparo.
1060 1341 1143 1408 Jarn
1165 1337 1210 1410 di

233 1439 382 1508 rimunt
403 1435 659 1526 colloquiumt
684 1449 832 1526 postero
853 1433 915 1502 die*
934 1437 1108 1505 Herelius
1138 1439 1208 1530 rogi

232 1537 423 1623 indicavit,
442 1535 711 1606 'l'horsteinom
728 1534 906 1606 omnibus
920 1535 1060 1632 ertibus
1075 1561 1113 1607 se
1132 1561 1208 1608 cum

233 1663 277 1708 eo
303 1635 544 1734 aequiparare.
605 1639 685 1704 Rex
704 1659 785 1703 earn
815 1657 1057 1728 remvparum
1086 1659 1207 1707 curare

233 1737 442 1817 videbatur.
494 1738 582 1810 Post
598 1735 791 1825 aliquanto
805 1759 868 1804 rex
882 1735 1033 1830 loqutus
1050 1751 1117 1828 est,
1134 1760 1208 1808 sna·

233 1839 320 1912 dere
334 1863 390 1924 se,
414 1838 539 1927 utqui
560 1861 598 1906 se
614 1859 722 1926 pares
740 1835 811 1904 sibi
834 1838 1126 1930 contendissent,
1151 1859 1207 1930 pe-

234 1938 360 2010 ritioni
395 1937 536 2006 artium
569 1937 853 2026 experirentur:
895 1937 943 2006 a'n
977 1962 1109 2011 verum
1147 1955 1206 2026 est,

234 2037 455 2126 Thorstein,
479 2031 698 2129 praedira'sse
714 2051 770 2123 te,
794 2058 925 2127 parem
950 2037 1046 2108 r'nihi
1075 2042 1207 2116 artibus

234 2160 332 2228 esse,
358 2139 420 2209 vel
442 2140 557 2209 etiam
575 2137 819 2229 superiorem.
872 2135 987 2208 Haud
1002 2140 1054 2209 ita
1068 2143 1207 2210 locutus

233 2261 340 2324 sum,
374 2237 546 2324 domine,
580 2241 633 2309 ait
660 2237 882 2322 Thorstein3
918 2239 1000 2328 quis
1025 2265 1114 2311 vero
1137 2239 1206 2312 h'aeu

91 2417 95 2428 ⁴
157 2387 159 2392 -
232 2338 303 2404 trbr
324 2338 478 2408 renutu>
502 2339 692 2426 Harekus,
719 2339 772 2407 ait
798 2361 873 2412 rex.
928 2340 1068 2432 Quidni
1089 2360 1205 2440 porus

231 2437 302 2512 tibi
332 2437 377 2510 de
404 2461 507 2508 sacro
535 2440 649 2526 bove,
677 2457 791 2530 quem
811 2441 922 2526 colit,
954 2440 1113 2513 retulit?
1143 2442 1206 2510 hoc

234 2537 357 2627 enim,
395 2557 510 2630 puto,
540 2539 661 2609 verius
687 2557 758 2624 est3
796 2557 865 2630 ego
895 2560 979 2608 vero
1013 2542 1109 2630 dixi,
1143 2541 1205 2610 do-

232 2637 349 2752 mina,
370 2639 526 2716 credere
536 2663 610 2726 me,
618 2641 802 2709 omnibus
819 2641 929 2707 rebus
945 2641 1083 2730 potius,
1102 2665 1204 2734 quam

220 2739 372 2816 -virium
385 2741 672 2834 magnitudine,
700 2740 772 2808 tibi
790 2739 1009 2826 inferiore-m
1033 2749 1127 2830 esse,
1147 2765 1204 2811 ne·

233 2861 307 2928 que
325 2853 454 2912 tamen
477 2855 531 2909 oa
537 2837 689 2931 quidem
708 2865 748 2922 re
765 2843 801 2908 'te
816 2843 1060 2932 aequiparare.
1112 2847 1203 2916 Rex:

224 2940 453 3054 ¹orquidhoc
473 2959 606 3012 vorum
632 2955 705 3028 est,
730 2940 906 3013 Hareke?
929 2944 1113 3032 Harekus:
1137 2946 1204 3016 exi

232 3039 325 3134 guis,
346 3042 467 3128 credo,
479 3043 723 3133 argumentis
731 3041 877 3157 nititur,
896 3027 1071 3115 domine!
1110 3048 1200 3116 Rex:

232 3135 312 3228 tae,
339 3135 473 3212 bovem
489 3143 625 3234 istum,
654 3163 767 3232 quem
785 3143 879 3212 tanti
892 3159 959 3212 aest
954 3146 1066 3233 imas,
1089 3145 1201 3218 videa·

231 3253 329 3320 mus.
383 3241 606 3315 Hatekus:
596 3267 638 3318 m
651 3249 727 3312 vest
728 3267 767 3314 ra
786 3257 971 3332 potestate
987 3260 1077 3332 est0,
1095 3245 1202 3327 domi·

232 3361 299 3426 ne,
314 3329 464 3434 itaque
465 3321 592 3418 eamus
608 3343 815 3434 insylvam.
844 3343 903 3417 Sic
920 3343 1075 3419 faciunt
1113 3343 1202 3412 Cum

233 3461 279 3507 ao
309 3445 508 3533 venisseut,
534 3441 690 3516 vident
677 3463 810 3536 ingens
834 3443 951 3512 bourn
982 3459 1202 3533 armentum,

233 3563 326 3632 quos
347 3543 448 3620 inter
469 3557 600 3618 taurus
624 3555 706 3612 erat
726 3545 923 3622 immensae
941 3545 1201 3638 magnitudinis

232 3645 271 3714 et
286 3643 508 3731 ferocitatis,
528 3646 777 3735 ,qualemtrex
802 3663 997 3734 nunquam
1023 3671 1063 3714 se
1080 3647 1201 3724 vidisse

233 3743 480 3828 existimarim
510 3747 572 3814 hic
591 3747 658 3814 bos
686 3739 915 3814 horrendum
945 3747 1119 3835 rudebat,
1153 3753 1201 3834 [et

231 3839 506 3922 ferocissimum
521 3869 561 3914 te
583 3847 777 3924 ostendit¹.
830 3846 1001 3916 Harekus
1022 3845 1201 3917 intitz‘hit

218 3965 332 4015 nunc
349 3945 415 4015 bos
436 3957 513 4033 ost,
537 3946 708 4034 domine,
738 3957 857 4036 quem
880 3947 963 4014 ideo
988 3949 1084 4017 tanti
1103 3948 1200 4034 facio,

169 4137 170 4140 Ἴ
231 4045 332 4133 quod
358 4069 419 4117 me
447 4068 630 4136 perquam
654 4071 784 4120 carum
817 4045 942 4124 habet
1010 4049 1091 4146 Ego
1120 4068 1199 4120 vero

270 4174 634 4244 ι)111111101111113111111111,
656 4190 704 4230 oet.
723 4196 796 4233 omn
871 4190 873 4202 '
