2534 4778
298 259 668 344 'm
895 260 954 354 91

48 487 280 581 querulnera
305 483 458 560 sauciat
512 484 748 559 'l'h'orkelem
771 485 818 558 ab
839 485 937 558 coede
956 509 1019 560 va·

49 592 186 660 dentem
197 576 423 682 Ogmnndus
435 586 620 676 advolans,
633 587 748 678 hasta,
770 613 888 681 quam
901 612 1020 660 manu

48 689 198 783 gerebat,
218 687 425 762 transfodit.
455 689 564 783 Quod
579 688 724 760 lactum
740 692 888 786 cognati
899 690 1021 764 Thor-

48 790 128 862 lelis
144 787 240 860 adeo
255 811 350 884 aegre
371 791 562 876 tulerunt,
587 802 631 860 ut
650 792 780 864 missis
793 792 1021 884 aggressori-

48 893 106 982 bus
123 911 212 958 cum
232 888 410 960 incendio
431 889 472 960 in
489 890 630 963 aedibus
650 892 898 978 conficerent,
935 893 1022 983 plu·

49 993 176 1062 riorum
192 989 376 1060 interesse
387 989 613 1062 discriminis
625 991 859 1078 judicantes
848 1007 949 1064 roter
965 1015 1023 1066 ra-

50 1091 157 1188 tiones
174 1113 376 1160 causarum
392 1091 491 1184 regis
506 1111 548 1162 ac
568 1091 779 1165 Thorlrelis
833 1091 1022 1164 Gunnhil·

52 1191 88 1260 da
99 1213 198 1278 vero,
228 1189 380 1284 cognita
394 1207 516 1261 morte
533 1193 617 1278 filii,
632 1213 811 1308 magnum
828 1215 867 1262 se
882 1195 1019 1263 vulnus

51 1313 149 1379 opera
173 1289 300 1360 Olavee
324 1292 511 1382 accepisse
541 1293 777 1384 existimans,
811 1293 1022 1366 subornatis

50 1390 256 1460 hominibus
293 1413 377 1482 earn
404 1394 637 1464 contumelia
672 1393 821 1464 afficere
852 1396 1019 1486 parabat.

53 1495 130 1584 Qnae
149 1512 240 1562 curn
258 1493 451 1582 sensisset,
476 1515 687 1586 navemque
703 1492 896 1564 islandicis
921 1517 1023 1564 com·

11 1669 12 1674 η
53 1591 220 1661 meatibus
244 1590 466 1663 destinatam
488 1611 732 1690 cognosceret
757 1618 896 1665 oceano
918 1618 1024 1688 para·

11 1771 12 1784 ,
53 1705 136 1778 tam,
160 1691 207 1760 ad
228 1691 426 1763 dominum
442 1693 545 1763 navis
561 1718 599 1763 se
615 1695 798 1778 contulitt
820 1694 852 1764 is
869 1696 1023 1764 nomine

54 1793 116 1861 luit
132 1791 294 1882 devar,
322 1791 423 1862 filius
439 1792 698 1884 Thorsteinis,
720 1795 835 1864 frater
856 1794 960 1866 Halli
978 1795 1024 1865 de

55 1893 136 1966 sida.
188 1897 244 1964 Ea
258 1893 366 1962 iniit:
395 1891 438 1962 in
453 1892 651 1980 discrimen
663 1896 745 1966 virae
755 1895 912 1966 adducta
925 1918 1023 1984 sum,

55 1994 182 2082 inquit,
210 2016 328 2083 quare
351 2016 416 2062 oro
444 2005 503 2082 te,
542 2009 587 2064 ut
606 2019 668 2065 me
684 1997 874 2068 vexationi
894 1997 1029 2066 Gunn··

55 2093 151 2163 hildes
166 2093 365 2183 subducas,
387 2108 426 2166 et
440 2095 482 2162 in
498 2095 657 2185 patriam
670 2096 1025 2168 tuamtransmittas.

59 2193 206 2263 Cuiille:
231 2209 419 2290 magnate
436 2193 637 2285 impulsam
650 2197 868 2266 necessitate
883 2196 1026 2284 judico,

11 2373 12 2386 ,
59 2317 157 2388 quare
171 2295 246 2363 hoc
263 2293 554 2382 concedam,sed
567 2296 731 2368 vicissim
750 2296 845 2366 mihi
855 2295 1025 2366 debiturn

11 2411 13 2456 ι
58 2395 213 2484 postulo,
238 2407 391 2467 utmeae
410 2395 595 2470 voluntati
612 2397 840 2488 obsequaris.
892 2395 1028 2468 illasio

58 2495 125 2566 lore
146 2495 318 2586 pollicita
342 2507 409 2566 est.
462 2497 611 2569 Deinde
640 2521 728 2567 cum
744 2497 925 2570 Gudruna
949 2498 1028 2566 filia

12 2659 13 2666 ,
61 2617 116 2664 sua
130 2618 264 2667 navem
282 2593 385 2666 adiit.
436 2597 543 2684 Post,
570 2598 694 2668 soluta
709 2621 824 2682 nave,
850 2597 892 2670 in
910 2597 1027 2670 Islan·

61 2694 382 2784 diamtrajeceruut
396 2709 435 2765 et
445 2695 487 2770 in
496 2697 774 2788 Alpratjordnm
785 2698 1028 2790 appulerunt,
1119 2741 1122 2746 -

34 2833 40 2850 ·
63 2795 259 2868 ubiBiidvar
273 2797 491 2891 elegantem
506 2799 782 2872 villicationem
798 2797 1025 2869 instituerat.
1123 2859 1126 2864 .

63 2899 132 2990 Quo
147 2920 237 2966 cum
252 2896 407 2969 domum
417 2897 617 2988 venissent,
627 2898 820 2978 memorias
834 2897 1030 2994 proditum

63 3011 125 3084 est,
143 2995 349 3067 sssdvarsm
373 2995 528 3069 dixisse:
549 3000 626 3084 jam
648 3023 751 3087 rern,
776 2997 818 3071 in
842 2999 1030 3092 Norvegia

62 3111 207 3187 pactam,
229 3111 415 3188 repetam,
443 3114 481 3169 et
494 3099 717 3193 conjugium
732 3113 861 3169 tecum
881 3113 1028 3193 expeto·

64 3197 121 3266 Illa
139 3197 362 3290 respondet:
388 3197 465 3268 scio
490 3197 664 3290 quidem,
687 3198 944 3270 existimatum
968 3198 1030 3289 iri,

29 3357 34 3370 .
63 3317 114 3365 me
137 3320 239 3368 nunc
258 3296 488 3389 humiliore,
522 3305 639 3393 qnam
663 3315 790 3390 antea,
816 3298 1031 3370 conditione

65 3395 131 3483 uti3
152 3397 216 3469 sed
232 3411 276 3468 tu
294 3398 428 3491 dignus
444 3422 503 3489 es,
531 3399 597 3492 qui
612 3401 686 3472 hoc
706 3399 896 3471 connubio
912 3401 1032 3491 potia·

65 3495 115 3566 ris
162 3497 312 3570 Deinde
335 3500 507 3572 confiunt
522 3501 685 3592 nup'tiae,
710 3500 928 3591 devarque
945 3501 1031 3570 Ola

67 3619 139 3667 vam
155 3599 258 3671 ducit
274 3621 449 3688 uxorem,
474 3600 579 3669 brevi
598 3613 728 3672 autem
748 3598 923 3670 convictu
951 3613 1033 3668 ute-

65 3695 210 3785 bantur,
233 3723 321 3768 nam
340 3700 470 3769 eodem
488 3723 584 3770 anno
602 3683 749 3770 mortus
767 3711 832 3770 est.
883 3697 1032 3770 Deinde

65 3799 164 3870 Einar
180 3801 302 3893 Eyolli
316 3798 418 3869 iilius
434 3799 478 3868 de
497 3800 725 3890 Thveraa,
713 3824 755 3870 1n
771 3801 904 3870 insulae
924 3815 1033 3894 parte

13 3953 14 3956 ,
66 3899 371 3989 septemtrionali,
395 3899 610 3993 intelligens
623 3903 796 3992 pulcram
814 3923 894 3972 esse
908 3902 1034 3974 condi-

13 4101 15 4134 l

66 3998 220 4088 tionem,
244 4001 467 4072 Gudrunam
490 4003 628 4099 Klyppi
651 4001 769 4073 filiam
792 4025 949 4072 uxorem
968 4003 1035 4074 du·

13 4141 14 4174 1
70 4121 159 4192 cere,
185 4125 270 4174 cum
290 4125 335 4174 ca
350 4103 569 4197 conjugium
587 4103 692 4194 iniit,
715 4118 753 4176 et
768 4104 911 4175 multos
926 4127 971 4176 ex
992 4128 1035 4176 ea
