<?xml version="1.0" encoding="UTF-8"?>
<!DOCTYPE html PUBLIC "-//W3C//DTD XHTML 1.0 Transitional//EN"
    "http://www.w3.org/TR/xhtml1/DTD/xhtml1-transitional.dtd">
<html xmlns="http://www.w3.org/1999/xhtml" xml:lang="en" lang="en">
 <head>
  <title>
</title>
<meta http-equiv="Content-Type" content="text/html;charset=utf-8" />
  <meta name='ocr-system' content='tesseract 3.04.00' />
  <meta name='ocr-capabilities' content='ocr_page ocr_carea ocr_par ocr_line ocrx_word'/>
</head>
<body>
  <div class='ocr_page' id='page_1' title='image "./scriptahistoric01dengoog_0035.png"; bbox 0 0 2594 4784; ppageno 0'>
   <div class='ocr_carea' id='block_1_1' title="bbox 275 252 1220 382">
    <p class='ocr_par' dir='ltr' id='par_1_1' title="bbox 275 252 1220 382">
     <span class='ocr_line' id='line_1_1' title="bbox 275 252 1220 382; baseline -0.011 -13"><span class='ocrx_word' id='word_1_1' title='bbox 275 252 347 370; x_wconf 76' lang='grc' dir='ltr'><strong>Ι22</strong></span> <span class='ocrx_word' id='word_1_2' title='bbox 549 294 845 382; x_wconf 53' lang='grc' dir='ltr'><em>,···-..-···Ξ-··</em></span> <span class='ocrx_word' id='word_1_3' title='bbox 1006 301 1220 371; x_wconf 71' lang='lat' dir='ltr'><strong>caerem.</strong></span> 
     </span>
    </p>
   </div>
   <div class='ocr_carea' id='block_1_2' title="bbox 158 495 1225 4110">
    <p class='ocr_par' dir='ltr' id='par_1_2' title="bbox 158 495 1225 4110">
     <span class='ocr_line' id='line_1_2' title="bbox 227 495 1222 594; baseline -0.014 -14"><span class='ocrx_word' id='word_1_4' title='bbox 227 505 264 580; x_wconf 85' lang='lat' dir='ltr'><strong>se</strong></span> <span class='ocrx_word' id='word_1_5' title='bbox 282 505 529 591; x_wconf 80' lang='lat' dir='ltr'>redimerent,</span> <span class='ocrx_word' id='word_1_6' title='bbox 558 499 822 591; x_wconf 85' lang='lat' dir='ltr'><strong>compluribus</strong></span> <span class='ocrx_word' id='word_1_7' title='bbox 846 495 1222 594; x_wconf 73' lang='lat' dir='ltr'><strong>libe&#39;rltatemprimo</strong></span> 
     </span>
     <span class='ocr_line' id='line_1_3' title="bbox 228 599 1220 694; baseline -0.015 -15"><span class='ocrx_word' id='word_1_8' title='bbox 228 610 290 679; x_wconf 88' lang='lat' dir='ltr'><strong>vel</strong></span> <span class='ocrx_word' id='word_1_9' title='bbox 318 605 481 677; x_wconf 86' lang='lat' dir='ltr'><strong>secundo</strong></span> <span class='ocrx_word' id='word_1_10' title='bbox 514 624 612 694; x_wconf 86' lang='lat' dir='ltr'><strong>anno</strong></span> <span class='ocrx_word' id='word_1_11' title='bbox 643 599 937 688; x_wconf 74' lang='lat' dir='ltr'><strong>redimentibus,</strong></span> <span class='ocrx_word' id='word_1_12' title='bbox 971 609 1064 670; x_wconf 83' lang='lat' dir='ltr'><strong>cum</strong></span> <span class='ocrx_word' id='word_1_13' title='bbox 1095 621 1220 668; x_wconf 89' lang='lat' dir='ltr'><strong>nemo</strong></span> 
     </span>
     <span class='ocr_line' id='line_1_4' title="bbox 230 699 1221 797; baseline -0.014 -21"><span class='ocrx_word' id='word_1_14' title='bbox 230 721 347 797; x_wconf 87' lang='lat' dir='ltr'><strong>esset,</strong></span> <span class='ocrx_word' id='word_1_15' title='bbox 382 706 444 778; x_wconf 90' lang='lat' dir='ltr'><strong>eui</strong></span> <span class='ocrx_word' id='word_1_16' title='bbox 474 702 629 797; x_wconf 90' lang='lat' dir='ltr'><strong>quidem</strong></span> <span class='ocrx_word' id='word_1_17' title='bbox 654 699 806 771; x_wconf 69' lang='lat' dir='ltr'><strong>{emuna</strong></span> <span class='ocrx_word' id='word_1_18' title='bbox 829 699 1025 790; x_wconf 77' lang='lat' dir='ltr'><strong>adfuisset,</strong></span> <span class='ocrx_word' id='word_1_19' title='bbox 1045 699 1145 791; x_wconf 67' lang='lat' dir='ltr'><strong>‘quin</strong></span> <span class='ocrx_word' id='word_1_20' title='bbox 1175 720 1221 767; x_wconf 86' lang='lat' dir='ltr'><strong>se</strong></span> 
     </span>
     <span class='ocr_line' id='line_1_5' title="bbox 158 800 1221 895; baseline -0.013 -18"><span class='ocrx_word' id='word_1_21' title='bbox 158 826 161 833; x_wconf 84' lang='lat'>·</span> <span class='ocrx_word' id='word_1_22' title='bbox 228 811 353 878; x_wconf 82' lang='lat' dir='ltr'><strong>tribus</strong></span> <span class='ocrx_word' id='word_1_23' title='bbox 367 805 473 878; x_wconf 88' lang='lat' dir='ltr'><strong>annis</strong></span> <span class='ocrx_word' id='word_1_24' title='bbox 493 803 708 874; x_wconf 82' lang='lat' dir='ltr'><strong>redimeret.</strong></span> <span class='ocrx_word' id='word_1_25' title='bbox 760 800 841 872; x_wconf 88' lang='lat' dir='ltr'><strong>Hac</strong></span> <span class='ocrx_word' id='word_1_26' title='bbox 857 803 1018 891; x_wconf 83' lang='lat' dir='ltr'><strong>pecunia</strong></span> <span class='ocrx_word' id='word_1_27' title='bbox 1034 801 1221 895; x_wconf 80' lang='lat' dir='ltr'><strong>Erlingus</strong></span> 
     </span>
     <span class='ocr_line' id='line_1_6' title="bbox 229 897 1224 996; baseline -0.014 -16"><span class='ocrx_word' id='word_1_28' title='bbox 229 909 302 980; x_wconf 86' lang='lat' dir='ltr'><strong>alia</strong></span> <span class='ocrx_word' id='word_1_29' title='bbox 327 905 513 996; x_wconf 84' lang='lat' dir='ltr'><strong>mancipia</strong></span> <span class='ocrx_word' id='word_1_30' title='bbox 528 902 685 986; x_wconf 68' lang='lat' dir='ltr'><strong>noemin</strong></span> <span class='ocrx_word' id='word_1_31' title='bbox 717 901 943 970; x_wconf 83' lang='lat' dir='ltr'><strong>libertorum</strong></span> <span class='ocrx_word' id='word_1_32' title='bbox 956 897 1046 972; x_wconf 71' lang='lat' dir='ltr'><strong>vfero</strong></span> <span class='ocrx_word' id='word_1_33' title='bbox 1057 901 1151 969; x_wconf 86' lang='lat' dir='ltr'><strong>alins</strong></span> <span class='ocrx_word' id='word_1_34' title='bbox 1168 897 1224 968; x_wconf 88' lang='lat' dir='ltr'><strong>ad</strong></span> 
     </span>
     <span class='ocr_line' id='line_1_7' title="bbox 231 999 1224 1099; baseline -0.016 -20"><span class='ocrx_word' id='word_1_35' title='bbox 231 1025 431 1099; x_wconf 85' lang='lat' dir='ltr'><strong>capturam</strong></span> <span class='ocrx_word' id='word_1_36' title='bbox 443 1007 637 1092; x_wconf 87' lang='lat' dir='ltr'><strong>halecum,</strong></span> <span class='ocrx_word' id='word_1_37' title='bbox 663 1003 754 1072; x_wconf 89' lang='lat' dir='ltr'><strong>alios</strong></span> <span class='ocrx_word' id='word_1_38' title='bbox 770 1001 818 1072; x_wconf 89' lang='lat' dir='ltr'><strong>ad</strong></span> <span class='ocrx_word' id='word_1_39' title='bbox 833 1001 905 1070; x_wconf 90' lang='lat' dir='ltr'><strong>alia</strong></span> <span class='ocrx_word' id='word_1_40' title='bbox 923 1003 1071 1072; x_wconf 84' lang='lat' dir='ltr'><strong>lucrosa</strong></span> <span class='ocrx_word' id='word_1_41' title='bbox 1094 999 1224 1068; x_wconf 84' lang='lat' dir='ltr'><strong>studia</strong></span> 
     </span>
     <span class='ocr_line' id='line_1_8' title="bbox 231 1101 1221 1203; baseline -0.014 -25"><span class='ocrx_word' id='word_1_42' title='bbox 231 1110 436 1203; x_wconf 82' lang='lat' dir='ltr'><strong>delegabat,</strong></span> <span class='ocrx_word' id='word_1_43' title='bbox 455 1128 618 1197; x_wconf 87' lang='lat' dir='ltr'><strong>quorum</strong></span> <span class='ocrx_word' id='word_1_44' title='bbox 631 1103 786 1198; x_wconf 86' lang='lat' dir='ltr'><strong>quidam</strong></span> <span class='ocrx_word' id='word_1_45' title='bbox 805 1101 1070 1197; x_wconf 76' lang='lat' dir='ltr'><strong>excisis-sylvis</strong></span> <span class='ocrx_word' id='word_1_46' title='bbox 1083 1102 1221 1169; x_wconf 84' lang='lat' dir='ltr'><strong>domos</strong></span> 
     </span>
     <span class='ocr_line' id='line_1_9' title="bbox 230 1201 1223 1298; baseline -0.012 -19"><span class='ocrx_word' id='word_1_47' title='bbox 230 1211 300 1298; x_wconf 81' lang='lat' dir='ltr'><strong>sibi</strong></span> <span class='ocrx_word' id='word_1_48' title='bbox 329 1207 622 1292; x_wconf 71' lang='lat' dir='ltr'><strong>edificaverunt,</strong></span> <span class='ocrx_word' id='word_1_49' title='bbox 649 1203 790 1296; x_wconf 81' lang='lat' dir='ltr'><strong>singuli</strong></span> <span class='ocrx_word' id='word_1_50' title='bbox 816 1203 897 1289; x_wconf 76' lang='lat' dir='ltr'><strong>ejus</strong></span> <span class='ocrx_word' id='word_1_51' title='bbox 923 1227 1038 1295; x_wconf 88' lang='lat' dir='ltr'><strong>opera</strong></span> <span class='ocrx_word' id='word_1_52' title='bbox 1067 1201 1223 1271; x_wconf 89' lang='lat' dir='ltr'><strong>adlau-</strong></span> 
     </span>
     <span class='ocr_line' id='line_1_10' title="bbox 231 1305 1113 1402; baseline -0.011 -24"><span class='ocrx_word' id='word_1_53' title='bbox 231 1323 311 1380; x_wconf 88' lang='lat' dir='ltr'><strong>tam</strong></span> <span class='ocrx_word' id='word_1_54' title='bbox 333 1310 498 1402; x_wconf 86' lang='lat' dir='ltr'><strong>aliquam</strong></span> <span class='ocrx_word' id='word_1_55' title='bbox 514 1305 790 1378; x_wconf 80' lang='lat' dir='ltr'><strong>conditionem⁸</strong></span> <span class='ocrx_word' id='word_1_56' title='bbox 814 1317 1080 1396; x_wconf 84' lang='lat' dir='ltr'><strong>pervenerunt.</strong></span> <span class='ocrx_word' id='word_1_57' title='bbox 1093 1335 1113 1345; x_wconf 79' lang='grc'><strong>··</strong></span> 
     </span>
     <span class='ocr_line' id='line_1_11' title="bbox 258 1396 1198 1506; baseline -0.011 -27"><span class='ocrx_word' id='word_1_58' title='bbox 258 1409 338 1506; x_wconf 85' lang='lat' dir='ltr'><strong>[De</strong></span> <span class='ocrx_word' id='word_1_59' title='bbox 351 1411 498 1482; x_wconf 75' lang='lat' dir='ltr'><strong>Eirzare</strong></span> <span class='ocrx_word' id='word_1_60' title='bbox 519 1403 877 1497; x_wconf 72' lang='lat' dir='ltr'><strong>[Idamharskelsere</strong></span> <span class='ocrx_word' id='word_1_61' title='bbox 889 1396 1198 1499; x_wconf 79' lang='lat' dir='ltr'><strong>(arcipotente)].</strong></span> 
     </span>
     <span class='ocr_line' id='line_1_12' title="bbox 333 1505 1224 1597; baseline -0.012 -16"><span class='ocrx_word' id='word_1_62' title='bbox 333 1517 407 1582; x_wconf 71' lang='lat'><strong>262.</strong></span> <span class='ocrx_word' id='word_1_63' title='bbox 457 1507 610 1580; x_wconf 50' lang='lat' dir='ltr'><strong>¹Eirikus</strong></span> <span class='ocrx_word' id='word_1_64' title='bbox 641 1505 816 1597; x_wconf 85' lang='lat' dir='ltr'><strong>dynasta,</strong></span> <span class='ocrx_word' id='word_1_65' title='bbox 839 1521 885 1573; x_wconf 84' lang='lat' dir='ltr'><strong>ut</strong></span> <span class='ocrx_word' id='word_1_66' title='bbox 901 1527 1025 1596; x_wconf 80' lang='lat' dir='ltr'><strong>supra</strong></span> <span class='ocrx_word' id='word_1_67' title='bbox 1053 1525 1224 1572; x_wconf 88' lang='lat' dir='ltr'><strong>comme·</strong></span> 
     </span>
     <span class='ocr_line' id='line_1_13' title="bbox 220 1601 1222 1698; baseline -0.015 -16"><span class='ocrx_word' id='word_1_68' title='bbox 220 1603 422 1682; x_wconf 79' lang='lat' dir='ltr'><strong>&#39;moratum</strong></span> <span class='ocrx_word' id='word_1_69' title='bbox 448 1623 521 1696; x_wconf 90' lang='lat' dir='ltr'><strong>est,</strong></span> <span class='ocrx_word' id='word_1_70' title='bbox 551 1629 685 1698; x_wconf 84' lang='lat' dir='ltr'><strong>pacem</strong></span> <span class='ocrx_word' id='word_1_71' title='bbox 710 1606 838 1676; x_wconf 87' lang='lat' dir='ltr'><strong>Einari</strong></span> <span class='ocrx_word' id='word_1_72' title='bbox 860 1601 1222 1688; x_wconf 71' lang='lat' dir='ltr'><strong>Trhambarsketfari,</strong></span> 
     </span>
     <span class='ocr_line' id='line_1_14' title="bbox 232 1703 1225 1800; baseline -0.009 -22"><span class='ocrx_word' id='word_1_73' title='bbox 232 1713 310 1778; x_wconf 84' lang='lat' dir='ltr'><strong>filio</strong></span> <span class='ocrx_word' id='word_1_74' title='bbox 341 1707 527 1781; x_wconf 85' lang='lat' dir='ltr'><strong>Eindridii</strong></span> <span class='ocrx_word' id='word_1_75' title='bbox 555 1707 742 1800; x_wconf 87' lang='lat' dir='ltr'><strong>Styrkaris</strong></span> <span class='ocrx_word' id='word_1_76' title='bbox 762 1706 848 1794; x_wconf 85' lang='lat' dir='ltr'><strong>filii,</strong></span> <span class='ocrx_word' id='word_1_77' title='bbox 871 1705 1038 1779; x_wconf 74' lang='lat' dir='ltr'><strong>dederat.</strong></span> <span class='ocrx_word' id='word_1_78' title='bbox 1103 1703 1225 1774; x_wconf 85' lang='lat' dir='ltr'><strong>Einar</strong></span> 
     </span>
     <span class='ocr_line' id='line_1_15' title="bbox 232 1805 1224 1893; baseline -0.01 -15"><span class='ocrx_word' id='word_1_79' title='bbox 232 1824 324 1880; x_wconf 88' lang='lat' dir='ltr'><strong>tunc</strong></span> <span class='ocrx_word' id='word_1_80' title='bbox 342 1810 549 1880; x_wconf 78' lang='lat' dir='ltr'><strong>octodecim</strong></span> <span class='ocrx_word' id='word_1_81' title='bbox 573 1823 654 1880; x_wconf 78' lang='lat' dir='ltr'><strong>erat</strong></span> <span class='ocrx_word' id='word_1_82' title='bbox 670 1829 870 1893; x_wconf 47' lang='lat' dir='ltr'><strong>xarmorum.</strong></span> <span class='ocrx_word' id='word_1_83' title='bbox 931 1805 1083 1877; x_wconf 82' lang='lat' dir='ltr'><strong>Dicitur</strong></span> <span class='ocrx_word' id='word_1_84' title='bbox 1104 1805 1224 1876; x_wconf 85' lang='lat' dir='ltr'><strong>Einar</strong></span> 
     </span>
     <span class='ocr_line' id='line_1_16' title="bbox 235 1903 1223 1998; baseline -0.009 -20"><span class='ocrx_word' id='word_1_85' title='bbox 235 1912 411 1982; x_wconf 86' lang='lat' dir='ltr'><strong>omnium</strong></span> <span class='ocrx_word' id='word_1_86' title='bbox 447 1907 667 1994; x_wconf 86' lang='lat' dir='ltr'><strong>hominum,</strong></span> <span class='ocrx_word' id='word_1_87' title='bbox 701 1907 944 1998; x_wconf 80' lang='lat' dir='ltr'><strong>quiquidem</strong></span> <span class='ocrx_word' id='word_1_88' title='bbox 970 1903 1223 1996; x_wconf 78' lang='lat' dir='ltr'><strong>inNorvegia</strong></span> 
     </span>
     <span class='ocr_line' id='line_1_17' title="bbox 233 1998 1224 2096; baseline -0.009 -18"><span class='ocrx_word' id='word_1_89' title='bbox 233 2011 391 2096; x_wconf 77' lang='lat' dir='ltr'><strong>fuerint,</strong></span> <span class='ocrx_word' id='word_1_90' title='bbox 428 1998 881 2096; x_wconf 72' lang='lat' dir='ltr'><strong>robustissimustelaque</strong></span> <span class='ocrx_word' id='word_1_91' title='bbox 905 2029 996 2076; x_wconf 89' lang='lat' dir='ltr'><strong>arcu</strong></span> <span class='ocrx_word' id='word_1_92' title='bbox 1021 2002 1224 2076; x_wconf 82' lang='lat' dir='ltr'><strong>emittendi</strong></span> 
     </span>
     <span class='ocr_line' id='line_1_18' title="bbox 198 2105 1222 2202; baseline -0.008 -24"><span class='ocrx_word' id='word_1_93' title='bbox 198 2127 202 2134; x_wconf 85' lang='lat'><strong>·</strong></span> <span class='ocrx_word' id='word_1_94' title='bbox 234 2111 492 2202; x_wconf 85' lang='lat' dir='ltr'><strong>peritissimus,</strong></span> <span class='ocrx_word' id='word_1_95' title='bbox 522 2107 614 2176; x_wconf 87' lang='lat' dir='ltr'><strong>etin</strong></span> <span class='ocrx_word' id='word_1_96' title='bbox 629 2107 775 2198; x_wconf 80' lang='lat' dir='ltr'><strong>sagittis</strong></span> <span class='ocrx_word' id='word_1_97' title='bbox 790 2108 955 2177; x_wconf 86' lang='lat' dir='ltr'><strong>maxima</strong></span> <span class='ocrx_word' id='word_1_98' title='bbox 969 2109 1005 2178; x_wconf 86' lang='lat' dir='ltr'><strong>vi</strong></span> <span class='ocrx_word' id='word_1_99' title='bbox 1025 2105 1222 2177; x_wconf 72' lang='lat' dir='ltr'><strong>excutien-</strong></span> 
     </span>
     <span class='ocr_line' id='line_1_19' title="bbox 236 2206 1221 2298; baseline -0.01 -18"><span class='ocrx_word' id='word_1_100' title='bbox 236 2211 290 2280; x_wconf 87' lang='lat' dir='ltr'><strong>dis</strong></span> <span class='ocrx_word' id='word_1_101' title='bbox 321 2211 546 2293; x_wconf 71' lang='lat' dir='ltr'><strong>acerrimus,</strong></span> <span class='ocrx_word' id='word_1_102' title='bbox 569 2209 600 2278; x_wconf 89' lang='lat' dir='ltr'><strong>is</strong></span> <span class='ocrx_word' id='word_1_103' title='bbox 631 2210 772 2298; x_wconf 81' lang='lat' dir='ltr'><strong>pellem</strong></span> <span class='ocrx_word' id='word_1_104' title='bbox 796 2207 995 2295; x_wconf 84' lang='lat' dir='ltr'><strong>bubulam,</strong></span> <span class='ocrx_word' id='word_1_105' title='bbox 1036 2209 1079 2276; x_wconf 90' lang='lat' dir='ltr'><strong>in</strong></span> <span class='ocrx_word' id='word_1_106' title='bbox 1108 2206 1221 2296; x_wconf 82' lang='lat' dir='ltr'><strong>tigno</strong></span> 
     </span>
     <span class='ocr_line' id='line_1_20' title="bbox 234 2306 1224 2406; baseline -0.01 -26"><span class='ocrx_word' id='word_1_107' title='bbox 234 2311 475 2406; x_wconf 78' lang='lat' dir='ltr'><strong>pendentem,</strong></span> <span class='ocrx_word' id='word_1_108' title='bbox 490 2311 625 2381; x_wconf 82' lang='lat' dir='ltr'><strong>bacillo</strong></span> <span class='ocrx_word' id='word_1_109' title='bbox 636 2309 753 2396; x_wconf 24' lang='lat' dir='ltr'><strong>(randi)</strong></span> <span class='ocrx_word' id='word_1_110' title='bbox 765 2310 905 2378; x_wconf 88' lang='lat' dir='ltr'><strong>lusorio</strong></span> <span class='ocrx_word' id='word_1_111' title='bbox 923 2309 1092 2396; x_wconf 80' lang='lat' dir='ltr'><strong>trajecit3</strong></span> <span class='ocrx_word' id='word_1_112' title='bbox 1116 2306 1224 2374; x_wconf 87' lang='lat' dir='ltr'><strong>idem</strong></span> 
     </span>
     <span class='ocr_line' id='line_1_21' title="bbox 235 2407 1223 2501; baseline -0.008 -23"><span class='ocrx_word' id='word_1_113' title='bbox 235 2411 390 2501; x_wconf 86' lang='lat' dir='ltr'><strong>perticis</strong></span> <span class='ocrx_word' id='word_1_114' title='bbox 428 2412 602 2478; x_wconf 86' lang='lat' dir='ltr'><strong>cursoriis</strong></span> <span class='ocrx_word' id='word_1_115' title='bbox 618 2433 686 2499; x_wconf 91' lang='lat' dir='ltr'><strong>per</strong></span> <span class='ocrx_word' id='word_1_116' title='bbox 711 2412 813 2478; x_wconf 88' lang='lat' dir='ltr'><strong>nives</strong></span> <span class='ocrx_word' id='word_1_117' title='bbox 841 2411 989 2478; x_wconf 87' lang='lat' dir='ltr'><strong>labendi</strong></span> <span class='ocrx_word' id='word_1_118' title='bbox 1014 2408 1150 2500; x_wconf 83' lang='lat' dir='ltr'><strong>peritia</strong></span> <span class='ocrx_word' id='word_1_119' title='bbox 1177 2407 1223 2471; x_wconf 89' lang='lat' dir='ltr'><strong>in</strong></span> 
     </span>
     <span class='ocr_line' id='line_1_22' title="bbox 235 2507 1223 2604; baseline -0.009 -26"><span class='ocrx_word' id='word_1_120' title='bbox 235 2511 367 2604; x_wconf 84' lang='lat' dir='ltr'><strong>primis</strong></span> <span class='ocrx_word' id='word_1_121' title='bbox 380 2513 602 2602; x_wconf 71' lang='lat' dir='ltr'><strong>praestabat,</strong></span> <span class='ocrx_word' id='word_1_122' title='bbox 629 2510 908 2582; x_wconf 76' lang='lat' dir='ltr'><strong>fortitudine‘et</strong></span> <span class='ocrx_word' id='word_1_123' title='bbox 923 2513 1059 2580; x_wconf 87' lang='lat' dir='ltr'><strong>artium</strong></span> <span class='ocrx_word' id='word_1_124' title='bbox 1078 2507 1223 2600; x_wconf 87' lang='lat' dir='ltr'><strong>peritia</strong></span> 
     </span>
     <span class='ocr_line' id='line_1_23' title="bbox 236 2609 1223 2706; baseline -0.007 -26"><span class='ocrx_word' id='word_1_125' title='bbox 236 2612 474 2696; x_wconf 87' lang='lat' dir='ltr'><strong>clarissimus,</strong></span> <span class='ocrx_word' id='word_1_126' title='bbox 500 2611 639 2680; x_wconf 82' lang='lat' dir='ltr'><strong>divitiis</strong></span> <span class='ocrx_word' id='word_1_127' title='bbox 659 2627 696 2680; x_wconf 91' lang='lat' dir='ltr'><strong>et</strong></span> <span class='ocrx_word' id='word_1_128' title='bbox 714 2609 858 2706; x_wconf 82' lang='lat' dir='ltr'><strong>generis</strong></span> <span class='ocrx_word' id='word_1_129' title='bbox 868 2611 1120 2700; x_wconf 87' lang='lat' dir='ltr'><strong>amplitudine</strong></span> <span class='ocrx_word' id='word_1_130' title='bbox 1129 2629 1223 2675; x_wconf 90' lang='lat' dir='ltr'><strong>con-</strong></span> 
     </span>
     <span class='ocr_line' id='line_1_24' title="bbox 235 2711 1222 2805; baseline -0.004 -25"><span class='ocrx_word' id='word_1_131' title='bbox 235 2714 397 2802; x_wconf 84' lang='lat' dir='ltr'><strong>spicuus.</strong></span> <span class='ocrx_word' id='word_1_132' title='bbox 451 2713 637 2800; x_wconf 88' lang='lat' dir='ltr'><strong>Einarem,</strong></span> <span class='ocrx_word' id='word_1_133' title='bbox 658 2711 1109 2781; x_wconf 79' lang='lat' dir='ltr'><strong>cummissoadSvdldram</strong></span> <span class='ocrx_word' id='word_1_134' title='bbox 1123 2729 1222 2805; x_wconf 84' lang='lat' dir='ltr'><strong>pree·</strong></span> 
     </span>
     <span class='ocr_line' id='line_1_25' title="bbox 235 2809 1221 2905; baseline -0.005 -25"><span class='ocrx_word' id='word_1_135' title='bbox 235 2813 286 2880; x_wconf 92' lang='lat' dir='ltr'><strong>lio</strong></span> <span class='ocrx_word' id='word_1_136' title='bbox 311 2813 353 2887; x_wconf 86' lang='lat' dir='ltr'><strong>in</strong></span> <span class='ocrx_word' id='word_1_137' title='bbox 379 2813 606 2905; x_wconf 81' lang='lat' dir='ltr'><strong>Norvegiam</strong></span> <span class='ocrx_word' id='word_1_138' title='bbox 630 2835 842 2898; x_wconf 84' lang='lat' dir='ltr'><strong>reversum,</strong></span> <span class='ocrx_word' id='word_1_139' title='bbox 882 2811 1045 2904; x_wconf 84' lang='lat' dir='ltr'><strong>dynastae</strong></span> <span class='ocrx_word' id='word_1_140' title='bbox 1064 2809 1221 2881; x_wconf 86' lang='lat' dir='ltr'><strong>Eirikus</strong></span> 
     </span>
     <span class='ocr_line' id='line_1_26' title="bbox 236 2911 1221 3007; baseline -0.004 -28"><span class='ocrx_word' id='word_1_141' title='bbox 236 2927 275 2980; x_wconf 88' lang='lat' dir='ltr'><strong>et</strong></span> <span class='ocrx_word' id='word_1_142' title='bbox 298 2911 495 2984; x_wconf 85' lang='lat' dir='ltr'><strong>Sveinnin</strong></span> <span class='ocrx_word' id='word_1_143' title='bbox 514 2914 675 3007; x_wconf 86' lang='lat' dir='ltr'><strong>gratiam</strong></span> <span class='ocrx_word' id='word_1_144' title='bbox 703 2915 948 3002; x_wconf 76' lang='lat' dir='ltr'><strong>receperunt,</strong></span> <span class='ocrx_word' id='word_1_145' title='bbox 974 2911 1088 3004; x_wconf 85' lang='lat' dir='ltr'><strong>eique</strong></span> <span class='ocrx_word' id='word_1_146' title='bbox 1114 2931 1221 2982; x_wconf 82' lang='lat' dir='ltr'><strong>soro·</strong></span> 
     </span>
     <span class='ocr_line' id='line_1_27' title="bbox 235 3011 1221 3104; baseline 0.002 -24"><span class='ocrx_word' id='word_1_147' title='bbox 235 3034 437 3083; x_wconf 77' lang='lat' dir='ltr'><strong>rem-suam</strong></span> <span class='ocrx_word' id='word_1_148' title='bbox 448 3012 691 3104; x_wconf 80' lang='lat' dir='ltr'><strong>Bergliotam,</strong></span> <span class='ocrx_word' id='word_1_149' title='bbox 720 3011 839 3086; x_wconf 85' lang='lat' dir='ltr'><strong>filiam</strong></span> <span class='ocrx_word' id='word_1_150' title='bbox 851 3013 1015 3084; x_wconf 86' lang='lat' dir='ltr'><strong>Hakonis</strong></span> <span class='ocrx_word' id='word_1_151' title='bbox 1035 3011 1221 3104; x_wconf 79' lang='lat' dir='ltr'><strong>dynastae,</strong></span> 
     </span>
     <span class='ocr_line' id='line_1_28' title="bbox 235 3109 1225 3204; baseline -0.001 -25"><span class='ocrx_word' id='word_1_152' title='bbox 235 3113 358 3180; x_wconf 83' lang='lat' dir='ltr'><strong>forma</strong></span> <span class='ocrx_word' id='word_1_153' title='bbox 381 3113 642 3202; x_wconf 86' lang='lat' dir='ltr'><strong>spectabilem,</strong></span> <span class='ocrx_word' id='word_1_154' title='bbox 672 3129 910 3202; x_wconf 87' lang='lat' dir='ltr'><strong>strenuaaque</strong></span> <span class='ocrx_word' id='word_1_155' title='bbox 933 3113 1070 3184; x_wconf 86' lang='lat' dir='ltr'><strong>indolis</strong></span> <span class='ocrx_word' id='word_1_156' title='bbox 1085 3109 1225 3204; x_wconf 83' lang='lat' dir='ltr'><strong>viragi-</strong></span> 
     </span>
     <span class='ocr_line' id='line_1_29' title="bbox 235 3211 1223 3306; baseline -0.002 -26"><span class='ocrx_word' id='word_1_157' title='bbox 235 3227 341 3297; x_wconf 84' lang='lat' dir='ltr'><strong>nem,</strong></span> <span class='ocrx_word' id='word_1_158' title='bbox 373 3225 541 3304; x_wconf 86' lang='lat' dir='ltr'><strong>nuptum</strong></span> <span class='ocrx_word' id='word_1_159' title='bbox 560 3211 751 3284; x_wconf 87' lang='lat' dir='ltr'><strong>dederunt.</strong></span> <span class='ocrx_word' id='word_1_160' title='bbox 817 3216 984 3306; x_wconf 85' lang='lat' dir='ltr'><strong>Qvnrum</strong></span> <span class='ocrx_word' id='word_1_161' title='bbox 1015 3213 1128 3300; x_wconf 85' lang='lat' dir='ltr'><strong>filius,</strong></span> <span class='ocrx_word' id='word_1_162' title='bbox 1149 3234 1223 3278; x_wconf 91' lang='lat' dir='ltr'><strong>no-</strong></span> 
     </span>
     <span class='ocr_line' id='line_1_30' title="bbox 235 3311 1224 3408; baseline -0.001 -27"><span class='ocrx_word' id='word_1_163' title='bbox 235 3312 340 3381; x_wconf 85' lang='lat' dir='ltr'><strong>mine</strong></span> <span class='ocrx_word' id='word_1_164' title='bbox 358 3311 595 3400; x_wconf 86' lang='lat' dir='ltr'><strong>Eindridius,</strong></span> <span class='ocrx_word' id='word_1_165' title='bbox 622 3314 744 3404; x_wconf 86' lang='lat' dir='ltr'><strong>prima</strong></span> <span class='ocrx_word' id='word_1_166' title='bbox 769 3315 845 3399; x_wconf 80' lang='lat' dir='ltr'><strong>jam</strong></span> <span class='ocrx_word' id='word_1_167' title='bbox 867 3327 975 3408; x_wconf 81' lang='lat' dir='ltr'><strong>aetate</strong></span> <span class='ocrx_word' id='word_1_168' title='bbox 1000 3325 1139 3382; x_wconf 83' lang='lat' dir='ltr'><strong>statura</strong></span> <span class='ocrx_word' id='word_1_169' title='bbox 1159 3334 1224 3380; x_wconf 88' lang='lat' dir='ltr'><strong>ro·</strong></span> 
     </span>
     <span class='ocr_line' id='line_1_31' title="bbox 235 3404 1224 3503; baseline 0 -24"><span class='ocrx_word' id='word_1_170' title='bbox 235 3404 653 3503; x_wconf 79' lang='lat' dir='ltr'><strong>horaque-conspicuus,</strong></span> <span class='ocrx_word' id='word_1_171' title='bbox 671 3415 803 3482; x_wconf 88' lang='lat' dir='ltr'><strong>multis</strong></span> <span class='ocrx_word' id='word_1_172' title='bbox 819 3412 859 3480; x_wconf 88' lang='lat' dir='ltr'><strong>in</strong></span> <span class='ocrx_word' id='word_1_173' title='bbox 872 3415 982 3482; x_wconf 86' lang='lat' dir='ltr'><strong>rebus</strong></span> <span class='ocrx_word' id='word_1_174' title='bbox 999 3413 1096 3503; x_wconf 87' lang='lat' dir='ltr'><strong>patri</strong></span> <span class='ocrx_word' id='word_1_175' title='bbox 1115 3412 1224 3479; x_wconf 88' lang='lat' dir='ltr'><strong>simi·</strong></span> 
     </span>
     <span class='ocr_line' id='line_1_32' title="bbox 235 3511 1221 3603; baseline 0 -23"><span class='ocrx_word' id='word_1_176' title='bbox 235 3512 281 3580; x_wconf 92' lang='lat' dir='ltr'><strong>lis</strong></span> <span class='ocrx_word' id='word_1_177' title='bbox 306 3511 389 3582; x_wconf 88' lang='lat' dir='ltr'><strong>fuit.</strong></span> <span class='ocrx_word' id='word_1_178' title='bbox 453 3517 628 3603; x_wconf 86' lang='lat' dir='ltr'><strong>Dynastae</strong></span> <span class='ocrx_word' id='word_1_179' title='bbox 659 3517 787 3585; x_wconf 88' lang='lat' dir='ltr'><strong>Einari</strong></span> <span class='ocrx_word' id='word_1_180' title='bbox 816 3515 940 3602; x_wconf 84' lang='lat' dir='ltr'><strong>ampla</strong></span> <span class='ocrx_word' id='word_1_181' title='bbox 961 3515 1003 3581; x_wconf 85' lang='lat' dir='ltr'><strong>in</strong></span> <span class='ocrx_word' id='word_1_182' title='bbox 1028 3511 1221 3580; x_wconf 77' lang='lat' dir='ltr'><strong>Orbadalo</strong></span> 
     </span>
     <span class='ocr_line' id='line_1_33' title="bbox 234 3613 1222 3704; baseline 0.001 -25"><span class='ocrx_word' id='word_1_183' title='bbox 234 3613 365 3681; x_wconf 87' lang='lat' dir='ltr'><strong>salaria</strong></span> <span class='ocrx_word' id='word_1_184' title='bbox 391 3615 622 3698; x_wconf 83' lang='lat' dir='ltr'><strong>(commoda)</strong></span> <span class='ocrx_word' id='word_1_185' title='bbox 655 3617 868 3704; x_wconf 86' lang='lat' dir='ltr'><strong>praebuere,</strong></span> <span class='ocrx_word' id='word_1_186' title='bbox 896 3615 996 3682; x_wconf 89' lang='lat' dir='ltr'><strong>unde</strong></span> <span class='ocrx_word' id='word_1_187' title='bbox 1018 3613 1222 3702; x_wconf 78' lang='lat' dir='ltr'><strong>praelecto-</strong></span> 
     </span>
     <span class='ocr_line' id='line_1_34' title="bbox 234 3713 1223 3806; baseline 0.002 -28"><span class='ocrx_word' id='word_1_188' title='bbox 234 3733 323 3782; x_wconf 87' lang='lat' dir='ltr'><strong>rum</strong></span> <span class='ocrx_word' id='word_1_189' title='bbox 342 3715 382 3783; x_wconf 89' lang='lat' dir='ltr'><strong>in</strong></span> <span class='ocrx_word' id='word_1_190' title='bbox 408 3715 601 3804; x_wconf 85' lang='lat' dir='ltr'><strong>provincia</strong></span> <span class='ocrx_word' id='word_1_191' title='bbox 627 3714 971 3786; x_wconf 85' lang='lat' dir='ltr'><strong>Thrandheimensi</strong></span> <span class='ocrx_word' id='word_1_192' title='bbox 1000 3713 1223 3806; x_wconf 84' lang='lat' dir='ltr'><strong>potentissi-</strong></span> 
     </span>
     <span class='ocr_line' id='line_1_35' title="bbox 233 3811 1223 3903; baseline 0.003 -24"><span class='ocrx_word' id='word_1_193' title='bbox 233 3831 318 3901; x_wconf 79' lang='lat' dir='ltr'><strong>mus</strong></span> <span class='ocrx_word' id='word_1_194' title='bbox 371 3829 409 3883; x_wconf 90' lang='lat' dir='ltr'><strong>et</strong></span> <span class='ocrx_word' id='word_1_195' title='bbox 445 3815 700 3885; x_wconf 85' lang='lat' dir='ltr'><strong>nobilissimus</strong></span> <span class='ocrx_word' id='word_1_196' title='bbox 740 3816 872 3897; x_wconf 75' lang='lat' dir='ltr'><strong>evasit5</strong></span> <span class='ocrx_word' id='word_1_197' title='bbox 915 3813 1017 3882; x_wconf 88' lang='lat' dir='ltr'><strong>idem</strong></span> <span class='ocrx_word' id='word_1_198' title='bbox 1059 3811 1223 3903; x_wconf 84' lang='lat' dir='ltr'><strong>satrapis</strong></span> 
     </span>
     <span class='ocr_line' id='line_1_36' title="bbox 233 3913 1221 4009; baseline 0.002 -29"><span class='ocrx_word' id='word_1_199' title='bbox 233 3913 479 3983; x_wconf 84' lang='lat' dir='ltr'><strong>amicissimus</strong></span> <span class='ocrx_word' id='word_1_200' title='bbox 509 3915 600 4004; x_wconf 83' lang='lat' dir='ltr'><strong>fuit,</strong></span> <span class='ocrx_word' id='word_1_201' title='bbox 641 3918 770 4009; x_wconf 88' lang='lat' dir='ltr'><strong>eisque</strong></span> <span class='ocrx_word' id='word_1_202' title='bbox 805 3915 1017 4008; x_wconf 85' lang='lat' dir='ltr'><strong>plurimum</strong></span> <span class='ocrx_word' id='word_1_203' title='bbox 1046 3913 1221 4006; x_wconf 82' lang='lat' dir='ltr'><strong>praesidii</strong></span> 
     </span>
     <span class='ocr_line' id='line_1_37' title="bbox 232 4028 418 4110; baseline 0.022 -30"><span class='ocrx_word' id='word_1_204' title='bbox 232 4028 418 4110; x_wconf 80' lang='lat' dir='ltr'><strong>praestrtrt.</strong></span> 
     </span>
    </p>
   </div>
   <div class='ocr_carea' id='block_1_3' title="bbox 233 4121 565 4210">
    <p class='ocr_par' dir='ltr' id='par_1_3' title="bbox 233 4121 565 4210">
     <span class='ocr_line' id='line_1_38' title="bbox 233 4121 565 4210; baseline -0.006 -15"><span class='ocrx_word' id='word_1_205' title='bbox 233 4121 515 4210; x_wconf 47' lang='lat' dir='ltr'><strong>&#39;¹&#39;fer‘nedeffld.,</strong></span> <span class='ocrx_word' id='word_1_206' title='bbox 536 4145 565 4197; x_wconf 88' lang='lat' dir='ltr'><strong>C.</strong></span> 
     </span>
    </p>
   </div>
   <div class='ocr_carea' id='block_1_4' title="bbox 0 0 1304 4784">
    <p class='ocr_par' dir='ltr' id='par_1_4' title="bbox 0 0 1304 4784">
     <span class='ocr_line' id='line_1_39' title="bbox 0 0 1304 4784; baseline 0 0"><span class='ocrx_word' id='word_1_207' title='bbox 0 0 1304 4784; x_wconf 95' lang='lat' dir='ltr'><strong> </strong></span> 
     </span>
    </p>
   </div>
  </div>
 </body>
</html>
