<?xml version="1.0" encoding="UTF-8"?>
<!DOCTYPE html PUBLIC "-//W3C//DTD XHTML 1.0 Transitional//EN"
    "http://www.w3.org/TR/xhtml1/DTD/xhtml1-transitional.dtd">
<html xmlns="http://www.w3.org/1999/xhtml" xml:lang="en" lang="en">
 <head>
  <title>
</title>
<meta http-equiv="Content-Type" content="text/html;charset=utf-8" />
  <meta name='ocr-system' content='tesseract 3.04.00' />
  <meta name='ocr-capabilities' content='ocr_page ocr_carea ocr_par ocr_line ocrx_word'/>
</head>
<body>
  <div class='ocr_page' id='page_1' title='image "./scriptahistoric01dengoog_0152.png"; bbox 0 0 2534 4778; ppageno 0'>
   <div class='ocr_carea' id='block_1_1' title="bbox 406 293 979 391">
    <p class='ocr_par' dir='ltr' id='par_1_1' title="bbox 406 293 979 398">
     <span class='ocr_line' id='line_1_1' title="bbox 406 293 979 391; baseline -0.01 0"><span class='ocrx_word' id='word_1_1' title='bbox 406 293 689 391; x_wconf 87' lang='grc'><em>----““““““.“·“““</em></span> <span class='ocrx_word' id='word_1_2' title='bbox 873 293 979 385; x_wconf 69' lang='grc' dir='ltr'>ι139</span> 
     </span>
    </p>
   </div>
   <div class='ocr_carea' id='block_1_2' title="bbox 25 518 1140 4338">
    <p class='ocr_par' dir='ltr' id='par_1_2' title="bbox 25 518 1140 4338">
     <span class='ocr_line' id='line_1_2' title="bbox 82 518 1041 610; baseline 0.003 -20"><span class='ocrx_word' id='word_1_3' title='bbox 82 541 116 590; x_wconf 85' lang='lat' dir='ltr'><strong>ex</strong></span> <span class='ocrx_word' id='word_1_4' title='bbox 136 518 299 591; x_wconf 87' lang='lat' dir='ltr'>tentorio</span> <span class='ocrx_word' id='word_1_5' title='bbox 327 519 562 606; x_wconf 82' lang='lat' dir='ltr'>eminebant,</span> <span class='ocrx_word' id='word_1_6' title='bbox 602 543 694 591; x_wconf 88' lang='lat' dir='ltr'>auro</span> <span class='ocrx_word' id='word_1_7' title='bbox 731 518 887 610; x_wconf 85' lang='lat' dir='ltr'>ornatis,</span> <span class='ocrx_word' id='word_1_8' title='bbox 931 533 1041 593; x_wconf 87' lang='lat' dir='ltr'>utet</span> 
     </span>
     <span class='ocr_line' id='line_1_3' title="bbox 81 619 1041 716; baseline 0.002 -26"><span class='ocrx_word' id='word_1_9' title='bbox 81 620 218 714; x_wconf 87' lang='lat' dir='ltr'>pertica,·</span> <span class='ocrx_word' id='word_1_10' title='bbox 247 641 332 714; x_wconf 85' lang='lat' dir='ltr'>quae</span> <span class='ocrx_word' id='word_1_11' title='bbox 348 621 517 710; x_wconf 83' lang='lat' dir='ltr'>extabat,</span> <span class='ocrx_word' id='word_1_12' title='bbox 550 621 612 690; x_wconf 90' lang='lat' dir='ltr'>cui</span> <span class='ocrx_word' id='word_1_13' title='bbox 635 619 769 716; x_wconf 86' lang='lat' dir='ltr'><strong>ingens</strong></span> <span class='ocrx_word' id='word_1_14' title='bbox 789 623 893 694; x_wconf 88' lang='lat' dir='ltr'>bulla</span> <span class='ocrx_word' id='word_1_15' title='bbox 924 633 1041 692; x_wconf 79' lang='lat' dir='ltr'>auree</span> 
     </span>
     <span class='ocr_line' id='line_1_4' title="bbox 80 721 1040 818; baseline 0.003 -28"><span class='ocrx_word' id='word_1_16' title='bbox 80 721 235 810; x_wconf 87' lang='lat' dir='ltr'>imposita</span> <span class='ocrx_word' id='word_1_17' title='bbox 254 737 344 793; x_wconf 88' lang='lat' dir='ltr'>erat.</span> <span class='ocrx_word' id='word_1_18' title='bbox 398 725 489 818; x_wconf 85' lang='lat' dir='ltr'>Quae</span> <span class='ocrx_word' id='word_1_19' title='bbox 506 743 595 792; x_wconf 91' lang='lat' dir='ltr'>cum</span> <span class='ocrx_word' id='word_1_20' title='bbox 613 723 741 793; x_wconf 88' lang='lat' dir='ltr'>locum</span> <span class='ocrx_word' id='word_1_21' title='bbox 764 739 1040 814; x_wconf 84' lang='lat' dir='ltr'>praeparassent,</span> 
     </span>
     <span class='ocr_line' id='line_1_5' title="bbox 80 820 1038 916; baseline -0.002 -24"><span class='ocrx_word' id='word_1_22' title='bbox 80 845 225 892; x_wconf 88' lang='lat' dir='ltr'><strong>mensam</strong></span> <span class='ocrx_word' id='word_1_23' title='bbox 250 837 441 913; x_wconf 84' lang='lat' dir='ltr'>statuunt,</span> <span class='ocrx_word' id='word_1_24' title='bbox 479 837 517 892; x_wconf 90' lang='lat' dir='ltr'>et</span> <span class='ocrx_word' id='word_1_25' title='bbox 539 820 650 892; x_wconf 87' lang='lat' dir='ltr'>variis</span> <span class='ocrx_word' id='word_1_26' title='bbox 671 823 827 894; x_wconf 80' lang='lat' dir='ltr'><strong>ferculis</strong></span> <span class='ocrx_word' id='word_1_27' title='bbox 861 836 1038 916; x_wconf 78' lang='lat' dir='ltr'>operant3</span> 
     </span>
     <span class='ocr_line' id='line_1_6' title="bbox 79 922 1039 1020; baseline 0.001 -29"><span class='ocrx_word' id='word_1_28' title='bbox 79 945 194 994; x_wconf 88' lang='lat' dir='ltr'>manus</span> <span class='ocrx_word' id='word_1_29' title='bbox 223 922 365 994; x_wconf 84' lang='lat' dir='ltr'>lavant:</span> <span class='ocrx_word' id='word_1_30' title='bbox 392 924 550 1020; x_wconf 62' lang='lat' dir='ltr'>raqualis</span> <span class='ocrx_word' id='word_1_31' title='bbox 581 937 619 994; x_wconf 88' lang='lat' dir='ltr'>et</span> <span class='ocrx_word' id='word_1_32' title='bbox 645 925 771 1016; x_wconf 78' lang='lat' dir='ltr'><strong>pelves</strong></span> <span class='ocrx_word' id='word_1_33' title='bbox 804 947 849 994; x_wconf 86' lang='lat' dir='ltr'><strong>ex</strong></span> <span class='ocrx_word' id='word_1_34' title='bbox 884 939 1039 1018; x_wconf 83' lang='lat' dir='ltr'>argento</span> 
     </span>
     <span class='ocr_line' id='line_1_7' title="bbox 78 1019 1040 1121; baseline 0.001 -29"><span class='ocrx_word' id='word_1_35' title='bbox 78 1023 183 1096; x_wconf 75' lang='lat' dir='ltr'>iactes</span> <span class='ocrx_word' id='word_1_36' title='bbox 245 1025 405 1121; x_wconf 83' lang='lat' dir='ltr'><strong>Helgius</strong></span> <span class='ocrx_word' id='word_1_37' title='bbox 431 1019 551 1117; x_wconf 89' lang='lat' dir='ltr'>prope</span> <span class='ocrx_word' id='word_1_38' title='bbox 584 1024 792 1096; x_wconf 88' lang='lat' dir='ltr'>tentorium</span> <span class='ocrx_word' id='word_1_39' title='bbox 826 1027 1040 1114; x_wconf 81' lang='lat' dir='ltr'><strong>consistens,</strong></span> 
     </span>
     <span class='ocr_line' id='line_1_8' title="bbox 77 1122 1040 1224; baseline 0.006 -33"><span class='ocrx_word' id='word_1_40' title='bbox 77 1122 310 1220; x_wconf 87' lang='lat' dir='ltr'>intuebatur.·</span> <span class='ocrx_word' id='word_1_41' title='bbox 363 1126 604 1197; x_wconf 85' lang='lat' dir='ltr'>Feminarum</span> <span class='ocrx_word' id='word_1_42' title='bbox 644 1127 819 1216; x_wconf 85' lang='lat' dir='ltr'>princeps</span> <span class='ocrx_word' id='word_1_43' title='bbox 854 1127 1040 1224; x_wconf 73' lang='lat' dir='ltr'>loquitur:</span> 
     </span>
     <span class='ocr_line' id='line_1_9' title="bbox 78 1223 1041 1322; baseline 0.001 -28"><span class='ocrx_word' id='word_1_44' title='bbox 78 1223 193 1322; x_wconf 87' lang='lat' dir='ltr'><strong>Helgi,</strong></span> <span class='ocrx_word' id='word_1_45' title='bbox 217 1225 293 1296; x_wconf 91' lang='lat' dir='ltr'>huc</span> <span class='ocrx_word' id='word_1_46' title='bbox 312 1225 416 1314; x_wconf 87' lang='lat' dir='ltr'><strong>ades,</strong></span> <span class='ocrx_word' id='word_1_47' title='bbox 451 1243 566 1318; x_wconf 86' lang='lat' dir='ltr'>atque</span> <span class='ocrx_word' id='word_1_48' title='bbox 589 1225 716 1297; x_wconf 89' lang='lat' dir='ltr'>cibum</span> <span class='ocrx_word' id='word_1_49' title='bbox 738 1237 947 1319; x_wconf 83' lang='lat' dir='ltr'>potumque</span> <span class='ocrx_word' id='word_1_50' title='bbox 972 1243 1041 1297; x_wconf 85' lang='lat' dir='ltr'>no·</span> 
     </span>
     <span class='ocr_line' id='line_1_10' title="bbox 78 1324 1039 1418; baseline 0.005 -26"><span class='ocrx_word' id='word_1_51' title='bbox 78 1324 204 1395; x_wconf 79' lang='lat' dir='ltr'>bissum</span> <span class='ocrx_word' id='word_1_52' title='bbox 221 1349 341 1398; x_wconf 87' lang='lat' dir='ltr'><strong>sume.</strong></span> <span class='ocrx_word' id='word_1_53' title='bbox 393 1327 536 1416; x_wconf 86' lang='lat' dir='ltr'><strong>illesic</strong></span> <span class='ocrx_word' id='word_1_54' title='bbox 558 1327 715 1414; x_wconf 86' lang='lat' dir='ltr'><strong>iaciens,</strong></span> <span class='ocrx_word' id='word_1_55' title='bbox 737 1343 873 1418; x_wconf 88' lang='lat' dir='ltr'>potum</span> <span class='ocrx_word' id='word_1_56' title='bbox 895 1339 1039 1397; x_wconf 82' lang='lat' dir='ltr'>cetera-</span> 
     </span>
     <span class='ocr_line' id='line_1_11' title="bbox 25 1426 1038 1520; baseline 0.002 -26"><span class='ocrx_word' id='word_1_57' title='bbox 25 1436 26 1442; x_wconf 77' lang='grc'>’</span> <span class='ocrx_word' id='word_1_58' title='bbox 67 1435 139 1514; x_wconf 88' lang='lat' dir='ltr'>&#39;que</span> <span class='ocrx_word' id='word_1_59' title='bbox 157 1426 335 1514; x_wconf 82' lang='lat' dir='ltr'>alimenta</span> <span class='ocrx_word' id='word_1_60' title='bbox 355 1428 580 1513; x_wconf 89' lang='lat' dir='ltr'><strong>lectissima,</strong></span> <span class='ocrx_word' id='word_1_61' title='bbox 608 1433 768 1520; x_wconf 82' lang='lat' dir='ltr'>vasaque</span> <span class='ocrx_word' id='word_1_62' title='bbox 800 1429 931 1519; x_wconf 88' lang='lat' dir='ltr'>pulcra</span> <span class='ocrx_word' id='word_1_63' title='bbox 958 1441 1038 1496; x_wconf 86' lang='lat' dir='ltr'><strong>ess&#39;e</strong></span> 
     </span>
     <span class='ocr_line' id='line_1_12' title="bbox 78 1527 1136 1628; baseline 0.004 -35"><span class='ocrx_word' id='word_1_64' title='bbox 78 1527 333 1601; x_wconf 80' lang='lat' dir='ltr'>animadvertit.</span> <span class='ocrx_word' id='word_1_65' title='bbox 386 1533 481 1604; x_wconf 86' lang='lat' dir='ltr'>Mox</span> <span class='ocrx_word' id='word_1_66' title='bbox 498 1530 639 1600; x_wconf 86' lang='lat' dir='ltr'><strong>mensis</strong></span> <span class='ocrx_word' id='word_1_67' title='bbox 664 1529 841 1617; x_wconf 81' lang='lat' dir='ltr'>remotis,</span> <span class='ocrx_word' id='word_1_68' title='bbox 865 1540 1039 1599; x_wconf 88' lang='lat' dir='ltr'>sternun·</span> <span class='ocrx_word' id='word_1_69' title='bbox 1133 1609 1136 1628; x_wconf 42' lang='grc' dir='ltr'>Ι</span> 
     </span>
     <span class='ocr_line' id='line_1_13' title="bbox 77 1627 1140 1721; baseline 0.002 -27"><span class='ocrx_word' id='word_1_70' title='bbox 77 1627 239 1719; x_wconf 74' lang='lat' dir='ltr'>malenti,</span> <span class='ocrx_word' id='word_1_71' title='bbox 262 1632 384 1699; x_wconf 88' lang='lat' dir='ltr'>multo</span> <span class='ocrx_word' id='word_1_72' title='bbox 399 1640 512 1721; x_wconf 82' lang='lat' dir='ltr'>quam</span> <span class='ocrx_word' id='word_1_73' title='bbox 529 1631 690 1700; x_wconf 87' lang='lat' dir='ltr'>aliorum</span> <span class='ocrx_word' id='word_1_74' title='bbox 707 1629 1038 1721; x_wconf 79' lang='lat' dir='ltr'>hominumsplen·</span> <span class='ocrx_word' id='word_1_75' title='bbox 1137 1637 1140 1647; x_wconf 89' lang='grc'><em>“</em></span> 
     </span>
     <span class='ocr_line' id='line_1_14' title="bbox 79 1725 1038 1822; baseline 0.004 -28"><span class='ocrx_word' id='word_1_76' title='bbox 79 1725 226 1798; x_wconf 88' lang='lat' dir='ltr'><strong>didiores.</strong></span> <span class='ocrx_word' id='word_1_77' title='bbox 283 1731 446 1802; x_wconf 79' lang='lat' dir='ltr'>¹Femina</span> <span class='ocrx_word' id='word_1_78' title='bbox 471 1731 646 1822; x_wconf 90' lang='lat' dir='ltr'>princeps</span> <span class='ocrx_word' id='word_1_79' title='bbox 675 1731 720 1800; x_wconf 86' lang='lat' dir='ltr'>ab</span> <span class='ocrx_word' id='word_1_80' title='bbox 745 1730 884 1821; x_wconf 85' lang='lat' dir='ltr'><strong>Helgio</strong></span> <span class='ocrx_word' id='word_1_81' title='bbox 908 1729 1038 1820; x_wconf 85' lang='lat' dir='ltr'><strong>quaesi·</strong></span> 
     </span>
     <span class='ocr_line' id='line_1_15' title="bbox 67 1827 1037 1920; baseline 0.004 -25"><span class='ocrx_word' id='word_1_82' title='bbox 67 1827 137 1913; x_wconf 69' lang='lat' dir='ltr'>tit,</span> <span class='ocrx_word' id='word_1_83' title='bbox 155 1841 284 1900; x_wconf 87' lang='lat' dir='ltr'>utrum</span> <span class='ocrx_word' id='word_1_84' title='bbox 304 1833 417 1920; x_wconf 83' lang='lat' dir='ltr'>solus,</span> <span class='ocrx_word' id='word_1_85' title='bbox 442 1855 489 1901; x_wconf 89' lang='lat' dir='ltr'>an</span> <span class='ocrx_word' id='word_1_86' title='bbox 503 1850 632 1900; x_wconf 87' lang='lat' dir='ltr'><strong>secum</strong></span> <span class='ocrx_word' id='word_1_87' title='bbox 646 1829 894 1901; x_wconf 77' lang='lat' dir='ltr'>concumbere</span> <span class='ocrx_word' id='word_1_88' title='bbox 909 1830 1037 1899; x_wconf 78' lang='lat' dir='ltr'><strong>vellet.</strong></span> 
     </span>
     <span class='ocr_line' id='line_1_16' title="bbox 77 1929 1038 2026; baseline 0 -28"><span class='ocrx_word' id='word_1_89' title='bbox 77 1929 214 2025; x_wconf 85' lang='lat' dir='ltr'><strong>Helgius</strong></span> <span class='ocrx_word' id='word_1_90' title='bbox 234 1955 319 2004; x_wconf 85' lang='lat' dir='ltr'>eam</span> <span class='ocrx_word' id='word_1_91' title='bbox 337 1931 381 2000; x_wconf 89' lang='lat' dir='ltr'><strong>de</strong></span> <span class='ocrx_word' id='word_1_92' title='bbox 399 1933 557 2001; x_wconf 87' lang='lat' dir='ltr'>nomine</span> <span class='ocrx_word' id='word_1_93' title='bbox 575 1931 845 2026; x_wconf 25' lang='lat' dir='ltr'>interrogavit..</span> <span class='ocrx_word' id='word_1_94' title='bbox 876 1934 934 2002; x_wconf 55' lang='lat' dir='ltr'>‘Ee</span> <span class='ocrx_word' id='word_1_95' title='bbox 950 1949 1038 2007; x_wconf 87' lang='lat' dir='ltr'>con-</span> 
     </span>
     <span class='ocr_line' id='line_1_17' title="bbox 66 2029 1037 2124; baseline 0.004 -28"><span class='ocrx_word' id='word_1_96' title='bbox 66 2037 143 2096; x_wconf 81' lang='lat' dir='ltr'>tra:</span> <span class='ocrx_word' id='word_1_97' title='bbox 163 2032 375 2124; x_wconf 80' lang='lat' dir='ltr'>lngibjarga</span> <span class='ocrx_word' id='word_1_98' title='bbox 400 2053 528 2118; x_wconf 87' lang='lat' dir='ltr'>vocor,</span> <span class='ocrx_word' id='word_1_99' title='bbox 551 2032 629 2103; x_wconf 88' lang='lat' dir='ltr'><strong>filia</strong></span> <span class='ocrx_word' id='word_1_100' title='bbox 646 2029 864 2105; x_wconf 87' lang='lat' dir='ltr'>Gudmundi</span> <span class='ocrx_word' id='word_1_101' title='bbox 882 2031 927 2099; x_wconf 89' lang='lat' dir='ltr'>ab</span> <span class='ocrx_word' id='word_1_102' title='bbox 940 2031 1037 2102; x_wconf 79' lang='lat' dir='ltr'><strong>Glae-</strong></span> 
     </span>
     <span class='ocr_line' id='line_1_18' title="bbox 78 2128 1037 2224; baseline 0.001 -25"><span class='ocrx_word' id='word_1_103' title='bbox 78 2128 211 2200; x_wconf 84' lang='lat' dir='ltr'><strong>sisvallis</strong></span> <span class='ocrx_word' id='word_1_104' title='bbox 234 2133 391 2222; x_wconf 79' lang='lat' dir='ltr'>(campis</span> <span class='ocrx_word' id='word_1_105' title='bbox 412 2133 642 2224; x_wconf 78' lang='lat' dir='ltr'>splendidis).</span> <span class='ocrx_word' id='word_1_106' title='bbox 691 2133 1037 2224; x_wconf 80' lang='lat' dir='ltr'><strong>Helgius:&#39;tecum,</strong></span> 
     </span>
     <span class='ocr_line' id='line_1_19' title="bbox 77 2227 1038 2318; baseline 0.007 -22"><span class='ocrx_word' id='word_1_107' title='bbox 77 2227 201 2318; x_wconf 82' lang='lat' dir='ltr'>inquit,</span> <span class='ocrx_word' id='word_1_108' title='bbox 229 2234 439 2305; x_wconf 85' lang='lat' dir='ltr'>concubare</span> <span class='ocrx_word' id='word_1_109' title='bbox 464 2235 561 2303; x_wconf 80' lang='lat' dir='ltr'>volo,</span> <span class='ocrx_word' id='word_1_110' title='bbox 607 2233 683 2304; x_wconf 92' lang='lat' dir='ltr'><strong>·Sic</strong></span> <span class='ocrx_word' id='word_1_111' title='bbox 711 2255 802 2302; x_wconf 74' lang='lat' dir='ltr'>cuna</span> <span class='ocrx_word' id='word_1_112' title='bbox 820 2246 894 2300; x_wconf 83' lang='lat' dir='ltr'>tres</span> <span class='ocrx_word' id='word_1_113' title='bbox 912 2232 1038 2303; x_wconf 88' lang='lat' dir='ltr'>conti·</span> 
     </span>
     <span class='ocr_line' id='line_1_20' title="bbox 77 2333 1036 2420; baseline 0.001 -20"><span class='ocrx_word' id='word_1_114' title='bbox 77 2350 150 2401; x_wconf 82' lang='lat' dir='ltr'>uuas</span> <span class='ocrx_word' id='word_1_115' title='bbox 170 2345 297 2404; x_wconf 84' lang='lat' dir='ltr'>noctes</span> <span class='ocrx_word' id='word_1_116' title='bbox 314 2333 500 2420; x_wconf 80' lang='lat' dir='ltr'>fecerant,</span> <span class='ocrx_word' id='word_1_117' title='bbox 519 2342 605 2403; x_wconf 86' lang='lat' dir='ltr'><strong>a&#39;e&#39;re</strong></span> <span class='ocrx_word' id='word_1_118' title='bbox 621 2334 714 2404; x_wconf 86' lang='lat' dir='ltr'>sudo</span> <span class='ocrx_word' id='word_1_119' title='bbox 733 2345 774 2404; x_wconf 87' lang='lat' dir='ltr'>et</span> <span class='ocrx_word' id='word_1_120' title='bbox 790 2354 933 2419; x_wconf 78' lang='lat' dir='ltr'>sereno,</span> <span class='ocrx_word' id='word_1_121' title='bbox 957 2344 1036 2403; x_wconf 79' lang='lat' dir='ltr'>sur·</span> 
     </span>
     <span class='ocr_line' id='line_1_21' title="bbox 78 2433 1094 2529; baseline 0.008 -33"><span class='ocrx_word' id='word_1_122' title='bbox 78 2447 201 2522; x_wconf 80' lang='lat' dir='ltr'>guntet</span> <span class='ocrx_word' id='word_1_123' title='bbox 217 2447 335 2503; x_wconf 86' lang='lat' dir='ltr'><strong>vestes</strong></span> <span class='ocrx_word' id='word_1_124' title='bbox 352 2434 527 2504; x_wconf 89' lang='lat' dir='ltr'>induunt.</span> <span class='ocrx_word' id='word_1_125' title='bbox 581 2439 683 2507; x_wconf 89' lang='lat' dir='ltr'>Turn</span> <span class='ocrx_word' id='word_1_126' title='bbox 702 2433 933 2529; x_wconf 81' lang='lat' dir='ltr'>lngibjarga:</span> <span class='ocrx_word' id='word_1_127' title='bbox 958 2434 1036 2517; x_wconf 80' lang='lat' dir='ltr'>iarn</span> <span class='ocrx_word' id='word_1_128' title='bbox 1089 2478 1094 2486; x_wconf 92' lang='lat'><em>-</em></span> 
     </span>
     <span class='ocr_line' id='line_1_22' title="bbox 75 2525 1036 2620; baseline 0.005 -24"><span class='ocrx_word' id='word_1_129' title='bbox 75 2525 124 2598; x_wconf 89' lang='lat' dir='ltr'>hic</span> <span class='ocrx_word' id='word_1_130' title='bbox 147 2532 277 2606; x_wconf 85' lang='lat' dir='ltr'><strong>diversi</strong></span> <span class='ocrx_word' id='word_1_131' title='bbox 295 2533 559 2620; x_wconf 81' lang='lat' dir='ltr'><strong>discedemns3</strong></span> <span class='ocrx_word' id='word_1_132' title='bbox 579 2539 636 2604; x_wconf 72' lang='lat' dir='ltr'>‘en</span> <span class='ocrx_word' id='word_1_133' title='bbox 650 2535 736 2608; x_wconf 71' lang='lat' dir='ltr'>tibi·</span> <span class='ocrx_word' id='word_1_134' title='bbox 750 2536 841 2604; x_wconf 88' lang='lat' dir='ltr'>duas</span> <span class='ocrx_word' id='word_1_135' title='bbox 866 2535 1036 2620; x_wconf 77' lang='lat' dir='ltr'><strong>cistellas,</strong></span> 
     </span>
     <span class='ocr_line' id='line_1_23' title="bbox 75 2631 1035 2730; baseline 0.006 -34"><span class='ocrx_word' id='word_1_136' title='bbox 75 2631 210 2706; x_wconf 87' lang='lat' dir='ltr'>alteram</span> <span class='ocrx_word' id='word_1_137' title='bbox 232 2652 404 2730; x_wconf 84' lang='lat' dir='ltr'>argento,</span> <span class='ocrx_word' id='word_1_138' title='bbox 438 2637 593 2706; x_wconf 83' lang='lat' dir='ltr'>alteram‘</span> <span class='ocrx_word' id='word_1_139' title='bbox 617 2657 708 2706; x_wconf 84' lang='lat' dir='ltr'>auro</span> <span class='ocrx_word' id='word_1_140' title='bbox 733 2636 906 2725; x_wconf 86' lang='lat' dir='ltr'><strong>plenem,</strong></span> <span class='ocrx_word' id='word_1_141' title='bbox 944 2655 1035 2724; x_wconf 81' lang='lat' dir='ltr'>quas</span> 
     </span>
     <span class='ocr_line' id='line_1_24' title="bbox 73 2731 1035 2828; baseline 0.006 -32"><span class='ocrx_word' id='word_1_142' title='bbox 73 2731 127 2800; x_wconf 89' lang='lat' dir='ltr'>tibi</span> <span class='ocrx_word' id='word_1_143' title='bbox 145 2736 293 2804; x_wconf 86' lang='lat' dir='ltr'>muneri</span> <span class='ocrx_word' id='word_1_144' title='bbox 313 2735 379 2818; x_wconf 90' lang='lat' dir='ltr'>do;</span> <span class='ocrx_word' id='word_1_145' title='bbox 418 2761 502 2828; x_wconf 88' lang='lat' dir='ltr'>quae</span> <span class='ocrx_word' id='word_1_146' title='bbox 524 2736 626 2814; x_wconf 85' lang='lat' dir='ltr'>unde</span> <span class='ocrx_word' id='word_1_147' title='bbox 648 2736 836 2820; x_wconf 83' lang='lat' dir='ltr'>venerint,</span> <span class='ocrx_word' id='word_1_148' title='bbox 869 2755 956 2803; x_wconf 87' lang='lat' dir='ltr'><strong>cave</strong></span> <span class='ocrx_word' id='word_1_149' title='bbox 984 2755 1035 2802; x_wconf 85' lang='lat' dir='ltr'>ne</span> 
     </span>
     <span class='ocr_line' id='line_1_25' title="bbox 74 2831 1036 2928; baseline 0.009 -30"><span class='ocrx_word' id='word_1_150' title='bbox 74 2831 120 2899; x_wconf 89' lang='lat' dir='ltr'>cui</span> <span class='ocrx_word' id='word_1_151' title='bbox 144 2835 251 2905; x_wconf 86' lang='lat' dir='ltr'><strong>dicas.</strong></span> <span class='ocrx_word' id='word_1_152' title='bbox 309 2837 489 2925; x_wconf 84' lang='lat' dir='ltr'>Posthaec,</span> <span class='ocrx_word' id='word_1_153' title='bbox 514 2838 646 2906; x_wconf 86' lang='lat' dir='ltr'><strong>eadem</strong></span> <span class='ocrx_word' id='word_1_154' title='bbox 661 2859 734 2928; x_wconf 86' lang='lat' dir='ltr'>qua</span> <span class='ocrx_word' id='word_1_155' title='bbox 757 2848 939 2903; x_wconf 84' lang='lat' dir='ltr'>venerant</span> <span class='ocrx_word' id='word_1_156' title='bbox 964 2833 1036 2920; x_wconf 83' lang='lat' dir='ltr'>via,</span> 
     </span>
     <span class='ocr_line' id='line_1_26' title="bbox 72 2931 1035 3028; baseline -0.003 -20"><span class='ocrx_word' id='word_1_157' title='bbox 72 2935 158 3024; x_wconf 77' lang='lat' dir='ltr'><strong>equis</strong></span> <span class='ocrx_word' id='word_1_158' title='bbox 173 2937 403 3028; x_wconf 85' lang='lat' dir='ltr'>evehuntur,</span> <span class='ocrx_word' id='word_1_159' title='bbox 431 2939 497 3006; x_wconf 88' lang='lat' dir='ltr'><strong>ille</strong></span> <span class='ocrx_word' id='word_1_160' title='bbox 519 2959 608 3006; x_wconf 89' lang='lat' dir='ltr'>vero</span> <span class='ocrx_word' id='word_1_161' title='bbox 637 2937 683 3005; x_wconf 83' lang='lat' dir='ltr'>ad</span> <span class='ocrx_word' id='word_1_162' title='bbox 708 2957 843 3006; x_wconf 87' lang='lat' dir='ltr'>navem</span> <span class='ocrx_word' id='word_1_163' title='bbox 863 2931 1035 3028; x_wconf 72' lang='lat' dir='ltr'><strong>regn-edi·-</strong></span> 
     </span>
     <span class='ocr_line' id='line_1_27' title="bbox 70 3034 1056 3126; baseline 0.01 -27"><span class='ocrx_word' id='word_1_164' title='bbox 70 3045 129 3102; x_wconf 88' lang='lat' dir='ltr'>tur.</span> <span class='ocrx_word' id='word_1_165' title='bbox 183 3037 278 3110; x_wconf 85' lang='lat' dir='ltr'>Laeti</span> <span class='ocrx_word' id='word_1_166' title='bbox 306 3038 396 3106; x_wconf 85' lang='lat' dir='ltr'><strong>socii</strong></span> <span class='ocrx_word' id='word_1_167' title='bbox 415 3059 511 3107; x_wconf 67' lang='lat' dir='ltr'><strong>‘eum</strong></span> <span class='ocrx_word' id='word_1_168' title='bbox 540 3039 723 3124; x_wconf 85' lang='lat' dir='ltr'>salutant,</span> <span class='ocrx_word' id='word_1_169' title='bbox 750 3047 944 3126; x_wconf 58' lang='lat' dir='ltr'>quaerunt,</span> <span class='ocrx_word' id='word_1_170' title='bbox 968 3034 1056 3109; x_wconf 61' lang='lat' dir='ltr'>ubi*</span> 
     </span>
     <span class='ocr_line' id='line_1_28' title="bbox 70 3135 1036 3232; baseline 0.008 -30"><span class='ocrx_word' id='word_1_171' title='bbox 70 3151 218 3204; x_wconf 87' lang='lat' dir='ltr'>moratus</span> <span class='ocrx_word' id='word_1_172' title='bbox 244 3137 318 3224; x_wconf 84' lang='lat' dir='ltr'><strong>sit,·</strong></span> <span class='ocrx_word' id='word_1_173' title='bbox 352 3140 418 3208; x_wconf 90' lang='lat' dir='ltr'><strong>ille</strong></span> <span class='ocrx_word' id='word_1_174' title='bbox 451 3161 539 3208; x_wconf 85' lang='lat' dir='ltr'>vero</span> <span class='ocrx_word' id='word_1_175' title='bbox 573 3138 699 3208; x_wconf 84' lang='lat' dir='ltr'><strong>dicero</strong></span> <span class='ocrx_word' id='word_1_176' title='bbox 733 3136 867 3232; x_wconf 76' lang='lat' dir='ltr'>noluit.</span> <span class='ocrx_word' id='word_1_177' title='bbox 935 3135 1036 3210; x_wconf 79' lang='lat' dir='ltr'><strong>Dein</strong></span> 
     </span>
     <span class='ocr_line' id='line_1_29' title="bbox 70 3237 1035 3312; baseline 0.008 -14"><span class='ocrx_word' id='word_1_178' title='bbox 70 3254 166 3303; x_wconf 90' lang='lat' dir='ltr'>cursu</span> <span class='ocrx_word' id='word_1_179' title='bbox 183 3252 355 3306; x_wconf 85' lang='lat' dir='ltr'>austrum</span> <span class='ocrx_word' id='word_1_180' title='bbox 373 3261 497 3308; x_wconf 87' lang='lat' dir='ltr'><strong>versus</strong></span> <span class='ocrx_word' id='word_1_181' title='bbox 509 3239 732 3312; x_wconf 81' lang='lat' dir='ltr'>secundum</span> <span class='ocrx_word' id='word_1_182' title='bbox 759 3238 886 3306; x_wconf 83' lang='lat' dir='ltr'>littora</span> <span class='ocrx_word' id='word_1_183' title='bbox 900 3279 902 3284; x_wconf 93' lang='lat'>-</span> <span class='ocrx_word' id='word_1_184' title='bbox 915 3237 1035 3306; x_wconf 80' lang='lat' dir='ltr'>conti-</span> 
     </span>
     <span class='ocr_line' id='line_1_30' title="bbox 67 3337 1035 3434; baseline 0.007 -34"><span class='ocrx_word' id='word_1_185' title='bbox 67 3350 179 3425; x_wconf 89' lang='lat' dir='ltr'>nuato,</span> <span class='ocrx_word' id='word_1_186' title='bbox 207 3337 362 3407; x_wconf 90' lang='lat' dir='ltr'>domum</span> <span class='ocrx_word' id='word_1_187' title='bbox 379 3340 495 3430; x_wconf 85' lang='lat' dir='ltr'>patris</span> <span class='ocrx_word' id='word_1_188' title='bbox 509 3341 695 3431; x_wconf 82' lang='lat' dir='ltr'>pervenit,</span> <span class='ocrx_word' id='word_1_189' title='bbox 717 3361 856 3434; x_wconf 39' lang='lat' dir='ltr'>‘magna</span> <span class='ocrx_word' id='word_1_190' title='bbox 869 3339 906 3412; x_wconf 83' lang='lat' dir='ltr'>vi</span> <span class='ocrx_word' id='word_1_191' title='bbox 918 3351 1035 3424; x_wconf 80' lang='lat' dir='ltr'>opum</span> 
     </span>
     <span class='ocr_line' id='line_1_31' title="bbox 67 3435 1035 3532; baseline 0 -29"><span class='ocrx_word' id='word_1_192' title='bbox 67 3452 277 3529; x_wconf 86' lang='lat' dir='ltr'>comparata.</span> <span class='ocrx_word' id='word_1_193' title='bbox 329 3439 500 3510; x_wconf 85' lang='lat' dir='ltr'>Paterae</span> <span class='ocrx_word' id='word_1_194' title='bbox 529 3442 643 3512; x_wconf 84' lang='lat' dir='ltr'>irater</span> <span class='ocrx_word' id='word_1_195' title='bbox 668 3454 859 3532; x_wconf 75' lang='lat' dir='ltr'>querunt,</span> <span class='ocrx_word' id='word_1_196' title='bbox 881 3435 982 3519; x_wconf 83' lang='lat' dir='ltr'>unde</span> <span class='ocrx_word' id='word_1_197' title='bbox 999 3435 1035 3504; x_wconf 89' lang='lat' dir='ltr'><strong>ei</strong></span> 
     </span>
     <span class='ocr_line' id='line_1_32' title="bbox 65 3535 1035 3632; baseline 0.001 -30"><span class='ocrx_word' id='word_1_198' title='bbox 65 3544 153 3606; x_wconf 87' lang='lat' dir='ltr'>tanta</span> <span class='ocrx_word' id='word_1_199' title='bbox 167 3540 327 3629; x_wconf 87' lang='lat' dir='ltr'>pecunia</span> <span class='ocrx_word' id='word_1_200' title='bbox 352 3541 519 3626; x_wconf 87' lang='lat' dir='ltr'>venerit,</span> <span class='ocrx_word' id='word_1_201' title='bbox 547 3554 725 3632; x_wconf 86' lang='lat' dir='ltr'>quantam</span> <span class='ocrx_word' id='word_1_202' title='bbox 743 3539 784 3610; x_wconf 81' lang='lat' dir='ltr'>iu</span> <span class='ocrx_word' id='word_1_203' title='bbox 801 3535 954 3608; x_wconf 86' lang='lat' dir='ltr'><strong>cistellis</strong></span> <span class='ocrx_word' id='word_1_204' title='bbox 970 3536 1035 3603; x_wconf 82' lang='lat' dir='ltr'>ha·</span> 
     </span>
     <span class='ocr_line' id='line_1_33' title="bbox 65 3633 1034 3733; baseline -0.001 -31"><span class='ocrx_word' id='word_1_205' title='bbox 65 3633 179 3722; x_wconf 75' lang='lat' dir='ltr'>bebat3</span> <span class='ocrx_word' id='word_1_206' title='bbox 205 3641 272 3710; x_wconf 91' lang='lat' dir='ltr'><strong>ille</strong></span> <span class='ocrx_word' id='word_1_207' title='bbox 294 3663 383 3708; x_wconf 87' lang='lat' dir='ltr'>vero</span> <span class='ocrx_word' id='word_1_208' title='bbox 413 3641 569 3733; x_wconf 88' lang='lat' dir='ltr'>aperire·</span> <span class='ocrx_word' id='word_1_209' title='bbox 585 3640 717 3709; x_wconf 88' lang='lat' dir='ltr'>noluit.</span> <span class='ocrx_word' id='word_1_210' title='bbox 770 3639 920 3706; x_wconf 83' lang='lat' dir='ltr'>Interea</span> <span class='ocrx_word' id='word_1_211' title='bbox 942 3635 1034 3705; x_wconf 59' lang='lat' dir='ltr'>labi»</span> 
     </span>
     <span class='ocr_line' id='line_1_34' title="bbox 64 3735 1035 3832; baseline 0.001 -29"><span class='ocrx_word' id='word_1_212' title='bbox 64 3747 119 3803; x_wconf 89' lang='lat' dir='ltr'>tur</span> <span class='ocrx_word' id='word_1_213' title='bbox 131 3753 281 3832; x_wconf 83' lang='lat' dir='ltr'>tempus</span> <span class='ocrx_word' id='word_1_214' title='bbox 299 3742 345 3811; x_wconf 89' lang='lat' dir='ltr'>ad</span> <span class='ocrx_word' id='word_1_215' title='bbox 360 3741 497 3809; x_wconf 84' lang='lat' dir='ltr'><strong>festum</strong></span> <span class='ocrx_word' id='word_1_216' title='bbox 513 3739 665 3828; x_wconf 84' lang='lat' dir='ltr'><strong>jolense.</strong></span> <span class='ocrx_word' id='word_1_217' title='bbox 710 3738 856 3810; x_wconf 88' lang='lat' dir='ltr'><strong>Accidit</strong></span> <span class='ocrx_word' id='word_1_218' title='bbox 871 3735 1035 3828; x_wconf 86' lang='lat' dir='ltr'>quadam</span> 
     </span>
     <span class='ocr_line' id='line_1_35' title="bbox 64 3839 1032 3931; baseline 0.011 -31"><span class='ocrx_word' id='word_1_219' title='bbox 64 3851 179 3928; x_wconf 88' lang='lat' dir='ltr'>nocte,</span> <span class='ocrx_word' id='word_1_220' title='bbox 206 3853 252 3909; x_wconf 88' lang='lat' dir='ltr'>ut</span> <span class='ocrx_word' id='word_1_221' title='bbox 282 3841 432 3911; x_wconf 82' lang='lat' dir='ltr'>insolita</span> <span class='ocrx_word' id='word_1_222' title='bbox 458 3840 668 3931; x_wconf 84' lang='lat' dir='ltr'>oboriretur</span> <span class='ocrx_word' id='word_1_223' title='bbox 691 3839 793 3912; x_wconf 82' lang='lat' dir='ltr'>venti</span> <span class='ocrx_word' id='word_1_224' title='bbox 815 3849 1032 3930; x_wconf 80' lang='lat' dir='ltr'>tempestas.</span> 
     </span>
     <span class='ocr_line' id='line_1_36' title="bbox 63 3935 1034 4037; baseline 0.004 -33"><span class='ocrx_word' id='word_1_225' title='bbox 63 3935 252 4012; x_wconf 88' lang='lat' dir='ltr'>Thorstein</span> <span class='ocrx_word' id='word_1_226' title='bbox 269 3941 375 4011; x_wconf 84' lang='lat' dir='ltr'>iratri</span> <span class='ocrx_word' id='word_1_227' title='bbox 391 3941 581 4030; x_wconf 83' lang='lat' dir='ltr'>loquitur:</span> <span class='ocrx_word' id='word_1_228' title='bbox 609 3958 826 4037; x_wconf 82' lang='lat' dir='ltr'>surgemus,</span> <span class='ocrx_word' id='word_1_229' title='bbox 852 3951 891 4008; x_wconf 89' lang='lat' dir='ltr'>et</span> <span class='ocrx_word' id='word_1_230' title='bbox 909 3937 1034 4008; x_wconf 54' lang='lat' dir='ltr'><strong>vides*-</strong></span> 
     </span>
     <span class='ocr_line' id='line_1_37' title="bbox 61 4040 1035 4134; baseline 0.001 -27"><span class='ocrx_word' id='word_1_231' title='bbox 61 4056 147 4122; x_wconf 85' lang='lat' dir='ltr'>mus,</span> <span class='ocrx_word' id='word_1_232' title='bbox 169 4044 336 4134; x_wconf 89' lang='lat' dir='ltr'>quoloco</span> <span class='ocrx_word' id='word_1_233' title='bbox 355 4041 458 4112; x_wconf 87' lang='lat' dir='ltr'>navis</span> <span class='ocrx_word' id='word_1_234' title='bbox 479 4044 671 4117; x_wconf 81' lang='lat' dir='ltr'>nostrasit.</span> <span class='ocrx_word' id='word_1_235' title='bbox 724 4043 784 4113; x_wconf 85' lang='lat' dir='ltr'>Sic</span> <span class='ocrx_word' id='word_1_236' title='bbox 798 4040 955 4127; x_wconf 86' lang='lat' dir='ltr'>iaciunt,</span> <span class='ocrx_word' id='word_1_237' title='bbox 972 4040 1035 4108; x_wconf 84' lang='lat' dir='ltr'>be·</span> 
     </span>
     <span class='ocr_line' id='line_1_38' title="bbox 60 4135 1034 4236; baseline -0.002 -28"><span class='ocrx_word' id='word_1_238' title='bbox 60 4155 173 4230; x_wconf 83' lang='lat' dir='ltr'><strong>neque</strong></span> <span class='ocrx_word' id='word_1_239' title='bbox 191 4144 420 4224; x_wconf 75' lang='lat' dir='ltr'>destinatam</span> <span class='ocrx_word' id='word_1_240' title='bbox 431 4145 643 4236; x_wconf 73' lang='lat' dir='ltr'>reperiunt,</span> <span class='ocrx_word' id='word_1_241' title='bbox 697 4135 859 4233; x_wconf 85' lang='lat' dir='ltr'><strong>Helgius</strong></span> <span class='ocrx_word' id='word_1_242' title='bbox 874 4157 1034 4210; x_wconf 69' lang='lat' dir='ltr'><strong>summe</strong></span> 
     </span>
     <span class='ocr_line' id='line_1_39' title="bbox 58 4240 1034 4338; baseline -0.001 -28"><span class='ocrx_word' id='word_1_243' title='bbox 58 4255 167 4327; x_wconf 83' lang='lat' dir='ltr'>prorae</span> <span class='ocrx_word' id='word_1_244' title='bbox 181 4246 379 4338; x_wconf 86' lang='lat' dir='ltr'>puppique</span> <span class='ocrx_word' id='word_1_245' title='bbox 401 4245 526 4337; x_wconf 82' lang='lat' dir='ltr'>capita</span> <span class='ocrx_word' id='word_1_246' title='bbox 547 4243 719 4318; x_wconf 87' lang='lat' dir='ltr'>draconis</span> <span class='ocrx_word' id='word_1_247' title='bbox 734 4240 890 4338; x_wconf 81' lang='lat' dir='ltr'>presigi,</span> <span class='ocrx_word' id='word_1_248' title='bbox 919 4253 957 4308; x_wconf 91' lang='lat' dir='ltr'>et</span> <span class='ocrx_word' id='word_1_249' title='bbox 972 4261 1034 4309; x_wconf 88' lang='lat' dir='ltr'>su-</span> 
     </span>
    </p>
   </div>
   <div class='ocr_carea' id='block_1_3' title="bbox 0 0 1272 4778">
    <p class='ocr_par' dir='ltr' id='par_1_3' title="bbox 0 0 1272 4778">
     <span class='ocr_line' id='line_1_40' title="bbox 0 0 1272 4778; baseline 0 5"><span class='ocrx_word' id='word_1_250' title='bbox 0 0 1272 4778; x_wconf 95' lang='lat' dir='ltr'> </span> 
     </span>
    </p>
   </div>
  </div>
 </body>
</html>
