2594 4784
98 291 208 361 catu
390 325 394 332 v
442 220 712 334 ss-·''·-!-''·''--—-''
941 259 1005 348 51.
1046 287 1047 290 ‘

94 509 184 558 mem
206 481 407 576 transegit,
442 501 597 573 magnas
618 478 747 553 animo
770 503 917 554 versans
943 509 1061 576 curas,

92 587 172 680 quid
196 601 346 674 caperet
371 582 538 665 consilii5
565 605 654 652 narn
677 605 744 651 rex
764 585 973 655 Jarizleifns
995 613 1061 680 po·

91 700 253 760 testatem
280 687 315 756 ei
339 681 612 770 dedit,'secum
638 683 819 773 quamdiu
842 688 957 756 vellet
983 713 1060 758 ma·

90 787 200 877 uendi,
225 787 478 876 amplamque,
499 784 561 852 cui
587 798 775 873 praeesset,
791 785 975 858 ditionem
994 791 1059 858 ob-

88 891 173 960 tulit.
228 890 351 980 Quam
377 885 541 956 oblatam
566 885 818 955 conditionem
844 910 908 958 rex
931 893 1057 972 animo
1147 885 1149 894 ’

87 1012 200 1060 secum
224 989 410 1058 volvebat.
480 987 563 1054 Hoc
594 986 707 1054 etiam
733 985 860 1056 animo
895 987 1057 1078 agitavit,

88 1090 258 1180 deponere
280 1089 428 1181 regiam
455 1085 698 1178 dignitatem,
733 1102 771 1155 et
795 1087 1056 1181 Hierosolyma

87 1206 141 1258 aut
162 1189 230 1260 alia
255 1211 359 1260 sacra
383 1188 466 1256 loca
492 1186 611 1272 adire,
652 1187 754 1254 etin
779 1191 1056 1262 monasterium

85 1290 261 1378 secedere,
286 1288 387 1380 quod
404 1285 537 1357 fecisse
550 1309 677 1382 regem
697 1287 858 1357 Olavutn
874 1291 1054 1386 Tryggvii

85 1392 210 1480 filium,
249 1387 456 1482 cognatum
488 1389 587 1476 ejus,
624 1386 737 1458 multi
768 1403 851 1458 tum
880 1389 1053 1460 homines

85 1491 333 1581 predicabant.
399 1486 469 1558 Illa
494 1510 582 1557 vero
608 1487 803 1580 inprimis
835 1490 959 1558 animo
987 1494 1052 1560 ob-

84 1591 281 1666 versabatur
303 1588 503 1684 cogitatio,
527 1589 558 1660 si
576 1611 649 1680 qua
671 1611 710 1658 se
735 1590 930 1660 obtulisset
947 1613 1052 1661 occa-

85 1694 145 1780 sio,
168 1691 374 1783 imperium
388 1691 646 1782 Norvegicum
664 1709 888 1779 recuperare
910 1693 1049 1762 conari.

30 1873 31 1876 Ἴ
83 1792 141 1864 His
164 1795 259 1862 curis
281 1793 438 1886 fatigato
462 1791 602 1875 animo,
627 1812 688 1858 res
714 1811 797 1860 suas
822 1813 955 1860 omnes
982 1815 1049 1883 po·

82 1895 188 1967 testati
207 1907 257 1964 'et
282 1891 439 1962 arbitrio
473 1890 746 1979 omnipotentis
772 1889 832 1960 dei
865 1894 1047 1983 permisit,

82 2009 119 2062 ut
139 1993 356 2080 consilium,
393 1992 465 2062 sibi
491 1991 747 2081 subjectisque
772 1995 936 2064 maxime
959 2015 1047 2062 con·

82 2093 243 2182 docibile,
265 2093 392 2169 animo
420 2113 491 2161 suo
515 2105 739 2186 suggereret.
793 2095 933 2164 Noctes
946 2117 1046 2182 saepe

80 2195 248 2266 insomnes
265 2194 391 2280 duait,
415 2213 546 2282 preces
564 2192 610 2260 ad
632 2191 746 2264 deum
760 2191 942 2262 benevolo
962 2198 1047 2262 tun-

80 2294 152 2366 dens
173 2297 298 2366 animo
321 2315 390 2385 pro
418 2293 522 2365 omni
545 2291 702 2382 populo,
722 2291 887 2362 inimicis
903 2293 1046 2383 pariter

79 2411 174 2486 atque
190 2396 329 2468 amicis.
384 2393 531 2466 Accidit
545 2407 657 2462 nocta
675 2391 846 2482 quadam,
873 2415 961 2462 curn
978 2417 1044 2462 rex

80 2495 264 2569 Olavusin
298 2499 397 2566 lecto
422 2495 577 2563 cubaret
604 2494 750 2588 magnis
776 2491 896 2562 fessus
933 2495 1043 2583 curis,
1107 2499 1109 2507 ⁴

78 2597 132 2666 ubi
145 2619 301 2688 precum
315 2595 498 2671 formulas
525 2615 594 2684 pro
619 2615 726 2664 more
743 2593 854 2662 solito
872 2616 1041 2684 pronun·

29 2741 30 2746 ,
77 2695 223 2784 deterat,
247 2711 292 2769 ut
316 2717 484 2785 somnus,
510 2695 602 2769 levis
627 2693 794 2786 quidem,
818 2693 855 2764 ei
868 2695 1043 2783 obrepse-

77 2796 135 2884 rit,
167 2799 218 2868 sic
249 2813 294 2867 ut
319 2797 475 2894 vigilare
499 2795 573 2866 sibi
599 2796 699 2866 visus
730 2795 797 2885 sit,
824 2795 1040 2884 omniaque,

76 2920 146 2988 quae
169 2901 208 2968 in
233 2899 346 2972 domo
373 2912 607 2991 gererentur,
633 2893 770 2964 videre.
813 2893 943 2965 ‘visus
968 2896 1041 2962 sibi

76 3011 121 3066 est
145 2997 338 3072 hominem
372 2998 499 3072 videre
523 3009 621 3078 antev
639 2994 783 3064 lectum
817 2993 1040 3081 adstantem,

73 3118 193 3190 magna
214 3101 380 3188 statura,
400 3097 601 3192 ⁸formaque
623 3110 793 3186 augusta,
821 3094 965 3162 eximiis
981 3093 1037 3162 in·

72 3197 190 3274 dutum
210 3201 396 3284 vestibus3
422 3221 488 3268 rear
503 3197 772 3290 :pemquietem
794 3193 1038 3280 existimavit,

71 3321 180 3395 regern
203 3301 329 3372 adesse
363 3295 734 3391 Olavum‘Tryggvii
763 3293 899 3366 filium.
963 3294 1037 3362 Hic

70 3399 115 3470 vir
136 3422 265 3494 regem
291 3401 440 3472 affatus:
474 3398 520 3468 da
553 3397 708 3468 consilio
740 3394 940 3486 capiendo,
978 3394 1035 3462 in-

71 3501 157 3587 quit,
180 3501 289 3572 valde
311 3501 493 3572 sollicitus
508 3523 568 3582 est
594 3500 735 3570 mirum
758 3495 856 3566 mihi
876 3495 1035 3581 videtur,

69 3610 99 3666 ῑθ
120 3601 206 3674 adeo
229 3602 388 3674 dubium
402 3603 756 3690 haerere,.quaenam
779 3594 946 3666 ineunda
964 3593 1034 3662 tibi

68 3699 105 3768 sit
127 3703 269 3772 consilii
293 3703 401 3792 ratio,
427 3703 521 3772 item
538 3701 645 3786 illud,
671 3695 771 3786 quod
786 3697 948 3790 cogitas,
973 3715 1032 3764 re-

68 3800 125 3890 gie
139 3802 308 3898 dignitati
321 3804 556 3890 renuntiare,
580 3819 624 3872 ut
641 3813 678 3870 et
696 3821 738 3866 ea
755 3796 862 3882 rati0,
887 3811 931 3864 ut
946 3793 1031 3863 heic

66 3922 199 3974 maneas
224 3919 263 3974 et
279 3905 462 3976 ditionem
477 3903 523 3972 ab
543 3902 681 3980 exteris
694 3895 910 3993 ignotisque
929 3895 1041 3994 prin·-

67 4001 193 4091 cipibus
209 4006 390 4101 accipias,
416 4005 556 4096 immo,
583 4002 662 4074 redi
687 4011 727 4070 et
749 4010 911 4092 'regnum
935 3994 1030 4062 reci-
