2534 4778
55 239 141 308 co
417 225 686 302 ·,’·“··““““
804 269 807 278 -
912 177 972 302 81

10 363 12 512 i
53 463 111 509 ma
129 437 277 508 fortiter
298 448 335 504 et
349 451 484 526 magna
499 453 587 504 cum
613 431 650 504 vi
669 439 918 532 pugnabant,
946 458 1037 528 quo

10 563 139 607 rum
166 555 253 608 uter
278 535 441 604 alterum
463 549 675 625 superaret,
708 541 808 608 haud
827 540 938 606 facile
962 541 1036 608 tuit

54 639 226 726 judicare.
297 639 419 724 Opem
448 634 547 704 ferre
579 637 787 708 Thorfinno
814 641 1033 727 voluerunt,

55 739 113 808 sed
130 740 193 806 ille
210 736 354 820 noluit,
382 748 510 804 vetans
526 759 744 827 quenquam
766 757 898 807 eorum
917 755 1034 808 certa-

55 838 199 908 minise
220 839 481 927 interponere,
512 853 746 928 utercunque
771 841 940 931 superior
966 840 1035 908 dis-

56 959 221 1006 cessurus
254 953 359 1008 esset.
414 937 696 1006 Hermundus
685 937 858 1053 impigre
877 953 1030 1033 pugnet.

55 1039 240 1134 Ingialdus
255 1038 412 1108 Skarins
427 1035 631 1123 etSjonius
647 1041 755 1107 variis
770 1035 909 1124 modis,
930 1063 1033 1136 meg

55 1163 97 1207 na
113 1133 331 1230 depugnant
345 1137 483 1206 ferocia
498 1154 536 1204 et
552 1140 696 1230 magia,
716 1140 768 1206 ito
783 1154 827 1208 ut
844 1163 955 1208 nemo
972 1163 1033 1208 eo·

56 1261 134 1308 rum
154 1239 368 1308 certaminis
388 1237 574 1328 particeps
598 1262 674 1307 esse
694 1239 882 1329 potuerit,
906 1238 969 1308 sed
988 1256 1033 1310 nt

55 1361 89 1406 se
116 1340 276 1430 quisque
317 1338 577 1429 expediverat,
599 1341 720 1408 amico
750 1363 817 1408 suo
853 1354 891 1406 et
916 1339 1033 1408 sodali

57 1460 158 1528 opem
175 1439 286 1526 tulit,
320 1438 529 1508 eotandem
554 1442 654 1518 iacto
676 1439 890 1508 certaminis
915 1439 1032 1525 exitu,

56 1556 94 1606 ut
110 1541 229 1608 Heme
247 1553 285 1610 et
302 1539 451 1627 Sionius
478 1559 565 1606 curn
588 1539 663 1608 alio
688 1539 802 1608 tertio
823 1541 866 1608 in
889 1541 1033 1631 sylvam

58 1639 308 1731 confugerent,
328 1637 461 1708 ceteris
478 1637 887 1712 interfectisomnibus.
920 1643 1031 1710 Nunc

56 1738 92 1805 in
115 1738 367 1808 deversorium
389 1765 428 1810 se
447 1739 636 1828 referunt,
667 1739 831 1834 obligant
853 1739 1030 1825 vulnera3

58 1839 279 1910 Thorfinnus
306 1861 383 1908 non
402 1852 499 1908 ‘erat
525 1840 683 1908 saueius.
736 1839 810 1910 Hic
835 1839 1030 1907 transactis

58 1946 207 2028 septem¹
237 1942 431 2028 noctibus,
455 1937 641 2009 orientem
670 1958 798 2008 versus·
823 1961 869 2008 ex
895 1937 1030 2008 Carina

59 2039 342 2127 descenderunt,
372 2037 417 2108 ab
436 2042 540 2130 equis
554 2040 711 2130 aliisque
735 2038 960 2108 rebusbene
973 2041 1030 2108 in-

59 2139 208 2225 structi,
225 2139 431 2209 deveniunt
445 2140 486 2208 in
502 2141 637 2212 vallem
652 2140 851 2230 quandam,
871 2137 937 2206 ubi
954 2161 1033 2208 atu·

59 2239 157 2328 plum
177 2253 255 2310 erat
269 2240 469 2333 predium
492 2240 567 2309 huc
584 2239 848 2318 seconferunt.
860 2237 1029 2326 domum,

58 2339 105 2408 ibi
120 2342 258 2410 mulier
285 2341 456 2432 quaedom
480 2339 681 2431 habitavit,
695 2365 698 2370 ’
712 2340 865 2410 nominc
888 2337 1030 2426 Rudda,

59 2439 188 2510 iemina
203 2457 335 2532 potens
354 2457 392 2510 et
408 2441 570 2510 factiosa.
623 2447 676 2514 Ea
686 2439 891 2532 hospitium
905 2437 950 2507 iis
966 2439 1032 2506 ob·

59 2541 155 2627 tulit,
182 2555 218 2610 et
233 2563 289 2610 res
308 2563 421 2608 novas
450 2541 627 2612 sciscitato
651 2555 725 2623 est,
763 2540 824 2610 illi·
849 2561 889 2606 se
913 2560 1031 2630 paura

61 2641 112 2708 vel
125 2642 229 2710 nulla
241 2641 392 2727 habere,
409 2665 492 2731 qnae
506 2641 680 2729 referant,
691 2639 900 2710 ostendunt.
929 2642 1033 2708 Tum

61 2740 199 2809 Rndda:
228 2737 318 2810 suut
331 2741 503 2828 forsitan,
527 2744 697 2832 quamvis
716 2740 932 2809 dicere‘non
950 2737 1031 2806 vul*

61 2840 116 2922 tis,
147 2841 297 2926 Sjonins
323 2840 416 2927 hup,
441 2840 752 2925 nudiustertius,
796 2840 918 2923 venit,
965 2835 1031 2927 qui

62 2961 150 3009 nunc
177 2940 386 3021 dimidium
417 2953 530 3032 caput
566 2941 791 3031 appellatur,
837 2937 868 3006 is
900 2937 1033 3004 retulit

61 3042 215 3110 Hamam
243 3040 285 3108 in
311 3040 549 3118 munimento
572 3039 792 3110 vulneribus
815 3051 1031 3118 mortnnm3
1074 3115 1076 3121 ¹

63 3140 186 3232 quippe
201 3140 342 3210 nudata
356 3141 544 3230 intestina,
564 3161 648 3210 cum
662 3137 1026 3233 praelioexcessisset,

62 3242 213 3308 vestibus
226 3241 550 3326 circummuniam,
577 3256 689 3334 atque
711 3241 763 3309 ita
787 3239 886 3308 intra
907 3237 1032 3306 muni⁴

61 3360 224 3410 mentum
244 3363 282 3408 se
310 3342 514 3432 recepisse,
536 3294 664 3432 ibique
692 3340 906 3432 exspirasse.
957 3342 1032 3407 Vos

61 3440 194 3508 viscera
220 3463 304 3508 mea
335 3443 530 3540 tetigistis,
566 3465 656 3510 nam
679 3439 774 3508 fuit·
785 3443 907 3510 Herna
930 3437 1033 3505 filius

61 3560 178 3624 meus3
203 3539 234 3609 si
258 3563 346 3610 vero
366 3557 429 3630 tu,
452 3542 681 3626 Thorfiune,
706 3564 768 3608 me
785 3560 943 3606 uxorem
963 3537 1031 3604 du

61 3660 159 3728 cere,
185 3654 224 3709 et
240 3641 282 3709 in
299 3640 369 3712 filii
385 3645 515 3711 locum
534 3639 779 3710 succedere
746 3661 821 3723 v1s,
848 3636 985 3704 brevi
975 3659 1033 3703 1n

62 3752 188 3810 ternos
202 3743 322 3838 gratia
341 3745 542 3826 coalescet,
569 3741 632 3810 cui
649 3761 704 3810 ret
691 3737 784 3806 ille
802 3757 840 3806 se
857 3749 1034 3828 paratum

63 3841 227 3910 ostendit.
266 3841 353 3912 Hic
376 3859 527 3922 noctem
546 3852 822 3988 transegerunt
882 3837 1034 3909 Postero
1095 3853 1098 3864 ·

62 3944 319 3962 *W-

100 3973 127 4040 ¹)
145 3972 295 4040 duodecim,
316 3971 347 4028 G

96 4073 690 4129 1113.Δ
811 4036 840 4112 F
