2594 4784
256 185 346 334 20.
393 198 400 214 ’
546 259 814 380 *⁸¹¹5-
1056 270 1185 338 ccar.

197 473 343 552 Eirikus
363 467 519 560 dynasta
536 465 619 536 ideo
646 462 845 558 Erlingum
864 463 1087 568 impugnare
1104 492 1188 538 non

196 593 386 670 aggressus
407 581 476 657 est,
502 566 602 658 quod
619 565 681 633 hic
698 579 871 656 potentes
887 581 924 634 et
941 573 1081 638 multos
1097 592 1188 662 pro·

198 677 361 766 pinquos
380 669 554 756 habebat,
577 664 707 738 amicis
722 667 929 756 opibusque
946 671 1104 759 valebat,
1128 693 1188 737 se-

199 799 272 868 que
300 791 503 840 numeroso
525 765 729 854 comitatu,
761 767 881 836 sicubi
910 766 1190 862 egeret,1·egis

198 879 318 944 instar
340 867 647 940 circumdederat
696 865 877 960 Erliugua
892 870 1068 940 multum·
1082 885 1191 938 oesta-
1288 899 1289 946 t

198 978 245 1046 tis
269 977 309 1044 in
327 969 487 1063 piratica
513 967 736 1056 consumsit,
762 990 927 1058 opesque
945 967 1191 1062 comparavit,

200 1099 306 1148 ruore
338 1067 543 1160 superioris
567 1065 802 1136 liberalitatis
836 1083 873 1137 et
897 1069 1191 1163 magnificentiae

203 1198 313 1261 usus,
360 1169 529 1261 quamvis
553 1167 758 1238 commodis
789 1168 1029 1240 tenuioribus
1046 1171 1191 1239 minus·

204 1299 278 1366 que
309 1271 486 1340 facilibus
514 1266 607 1356 sibi,
640 1271 763 1356 quam'
781 1284 961 1364 regnante
981 1271 1084 1340 affini
1107 1291 1192 1357 aruo,

204 1396 292 1468 rege
321 1374 459 1459 Olavo,
496 1368 697 1436 frueretur.
756 1368 830 1440 Hic
860 1393 989 1440 ornnes
1017 1371 1195 1447 homines
1289 1463 1290 1470 ἵ

203 1478 336 1546 formae
362 1468 642 1562 pulcritudine,
669 1484 811 1538 statura
835 1471 1018 1540 &robore
1036 1493 1193 1561 supera·
1289 1493 1290 1546 1

205 1579 279 1663 vit,
302 1573 502 1665 plerosque
531 1569 722 1663 pugnandi
743 1569 965 1640 dexteritate
990 1574 1192 1642 antecelle-

205 1680 285 1760 bat,
311 1671 519 1762 multisque
549 1667 753 1738 inertibus
778 1670 949 1760 proxime
962 1671 1009 1740 ad
1026 1673 1194 1741 otavum

205 1795 335 1866 regern
358 1770 541 1862 Tryggvii
558 1769 680 1838 filiurn
704 1770 926 1858 accedebat3
959 1771 1079 1842 eidem
1102 1794 1195 1863 pru·

206 1875 331 1944 dentia
356 1873 538 1962 insignis,
561 1869 694 1936 multis
717 1869 759 1939 in
787 1872 907 1940 rebus.
926 1895 1010 1941 acre
1039 1887 1195 1942 conteu-

208 1973 316 2043 dendi
335 1972 516 2058 studium,
547 1968 600 2038 rei
624 1969 795 2040 militaris
813 1971 895 2042 laus
914 1975 1089 2062 maxima,
1111 1987 1196 2042 tan·
1290 2043 1291 2068 ,

207 2090 320 2164 taque
338 2073 380 2140 in
397 2069 598 2163 pugnando
616 2069 736 2140 virtus
753 2084 792 2140 et
811 2074 1033 2163 strenuitas,
1060 2089 1104 2142 ut
1120 2074 1196 2166 pri·
1290 2115 1291 2130 κ

209 2195 294 2242 mus
312 2174 352 2240 in
372 2194 562 2261 quamque
576 2190 744 2261 pugnam
768 2174 987 2262 procederet
1005 2188 1044 2244 et
1061 2174 1102 2243 in
1121 2175 1196 2267 pri-

208 2297 313 2342 rnore
334 2273 414 2344 acie
431 2296 513 2340 rem
529 2284 689 2363 gereret,
712 2285 809 2341 teste
826 2273 1044 2368 sigbvatar:

311 2377 398 2446 Non
417 2372 511 2442 alius
523 2370 599 2440 luit
615 2372 813 2462 quisquam

232 2529 235 2538 r
287 2541 289 2548 ,
312 2475 482 2544 virorum
499 2471 789 2564 praefectorum,
812 2473 879 2566 qui
895 2477 1023 2565 plures

314 2594 460 2666 pugnas
482 2572 761 2663 committeret,
785 2597 900 2664 quam
915 2579 1110 2672 Erlingus5'

311 2675 366 2743 vir
382 2673 491 2744 fortis
508 2673 686 2743 audacter
707 2676 820 2744 stetit.

233 2823 238 2830 -
311 2775 407 2862 Hic,
432 2773 662 2843 liberalitate
686 2774 806 2844 clarus
827 2777 1010 2868 maxime,

212 2879 481 2895 Μ

211 2937 258 2979 mir
273 2927 369 2994 sarie),
390 2940 419 2978 ut
434 2923 547 2997 oegdid)
558 2925 633 2996 jarla
651 2929 707 2992 dn,
730 2948 757 2980 er
779 2928 929 3002 aljdlclringr
949 2935 1043 2985 rarittr't.
1085 2935 1202 3002 Snorre)

213 3021 335 3088 brilngna
350 3020 424 3068 harri
436 3017 496 3088 gas
506 3029 572 3071 noest
587 3019 738 3088 Riignvaldi
761 3016 829 3070 adra
853 3036 919 3091 systr
937 3028 1010 3090 sr'na,
1030 3047 1059 3076 en
1081 3029 1133 3090 hat
1154 3047 1203 3077 aar

211 3107 303 3178 ydrj)
316 3109 460 3178 oldrgiptu.
502 3108 549 3159 sk.
570 3109 598 3158 iu
614 3107 727 3178 append.
745 3127 771 3179 p.
789 3113 841 3176 333
854 3113 918 3162 Hkr.
931 3116 961 3164 in
976 3117 1037 3167 Vita
1052 3115 1095 3167 Ol.
1111 3116 1204 3168 Sancti

213 3197 245 3252 C·
262 3203 306 3250 21.

252 3288 285 3355 a)
300 3302 359 3358 post
372 3305 466 3344 vocem
480 3289 571 3361 mdgr,
589 3303 619 3342 ut
634 3290 711 3341 ‘addit
728 3290 770 3368 A,
795 3293 867 3363 quod
891 3313 951 3345 cum
972 3313 1076 3348 seusrrm
1095 3311 1204 3367 pertur-

212 3381 274 3432 bare
296 3381 441 3448 videretur,
469 3383 577 3434 exclusi.
630 3383 662 3452 b)
683 3383 783 3450 aldire,
803 3389 895 3449 amati,
913 3388 944 3451 B,
967 3399 1054 3440 coutra
1079 3400 1205 3441 metrum.

213 3471 243 3540 c)
261 3485 318 3540 post
331 3473 451 3525 voculam
468 3495 528 3538 evo,
550 3487 577 3524 at
595 3473 655 3526 add.
670 3475 711 3540 A,
732 3475 783 3540 Sk,
803 3478 889 3526 minus
910 3491 987 3536 recte.
1038 3477 1071 3546 d)
1085 3482 1124 3530 sic
1135 3481 1205 3546 Hitr,

213 3561 267 3624 Sl<3
289 3559 387 3631 ogau,
409 3584 464 3615 non
475 3568 574 3632 terruit,
589 3565 625 3640 A
667 3566 692 3640 e)
707 3569 791 3616 svarri
805 3569 881 3634 (rect.
897 3569 996 3638 evan),
1017 3569 1064 3621 Sk.
1098 3572 1137 3641 J)
1154 3591 1205 3640 pro

213 3649 337 3720 anzydr,
366 3654 443 3706 habet
466 3658 538 3710 Hkr:
572 3657 630 3710 Ula
649 3653 893 3724 fidrrrvarba13
920 3660 957 3711 Sk
985 3660 1064 3730 Olasr
1093 3660 1205 3714 verder.

212 3747 343 3794 Posterior
360 3733 529 3818 semistrdpha
549 3752 583 3799 ita
605 3765 710 3818 quoque
730 3761 813 3817 potest
832 3749 964 3802 ordinari:
988 3751 1069 3802 Snorr
1090 3755 1155 3817 ὂιὶρ.
1177 3755 1205 3803 Ir.

211 3833 269 3906 giaf
281 3834 346 3905 ydor
366 3853 431 3889 πατεῖ
448 3843 514 3908 syistr
528 3841 596 3906 arira,
615 3859 645 3888 en
662 3839 813 3908 R'o'gnvrtldi
830 3836 899 3888 adra
909 3859 918 3902 ;
933 3841 986 3904 hat
1007 3861 1054 3892 var
1067 3844 1207 3913 aldrgipta

212 3925 371 3981 oistrenuue
393 3929 514 3980 dominus
540 3931 588 3981 tibi
612 3921 725 3998 prirntun
746 3943 860 3979 sororem
880 3939 953 3979 suam
982 3945 1092 4002 nuptum
1120 3932 1205 4000 dedit,

212 4019 258 4072 sed
275 4020 380 4071 alteram
397 4023 566 4090 Rbgnvald03
585 4021 614 4072 id
631 4019 681 4070 fuit
699 4022 751 4077 &o
1094 4013 1096 4028 ¹

236 4115 280 4182 Ἰ)
300 4109 437 4183 Sigvaldus
454 4113 539 4183 po'dta,
560 4113 589 4164 B.
