2514 4782
245 245 339 343 214
471 317 474 324 .
534 261 808 330 Ξ
1084 275 1124 338 o.
1157 271 1203 338 ⁷1.

183 475 374 547 intestinis
390 473 436 545 ard
460 473 577 544 linem
594 493 635 541 se
650 469 920 546 evolventibus,
973 473 1076 548 Inter
1092 473 1205 542 haec

184 578 344 666 Asbjbrn
366 577 434 645 hos
452 597 582 646 versus
600 573 882 663 pronuntiavitz

285 679 448 750 Dicetur
465 675 578 746 matri
598 697 711 742 meaes

284 802 362 848 non
379 795 505 848 comet
526 777 596 846 filii
615 789 733 864 caput

286 881 398 974 cygni
416 880 536 950 instar
554 875 711 947 candida

285 983 356 1051 hac
376 999 504 1051 aestate
517 980 558 1078 ip
575 975 707 1050 Dania.

287 1084 333 1156 Ei
350 1081 543 1174 pollicitus
560 1101 684 1165 eram,

286 1207 349 1253 me
370 1183 527 1252 domum
555 1177 789 1265 rediturum3

282 1307 386 1354 nuno
407 1283 576 1372 juvenile
600 1285 698 1350 latus
741 1281 746 1292 “

288 1385 368 1458 acie
397 1387 496 1458 ensis
518 1381 774 1454 dissecabitur.

339 1487 525 1573 Praedico,
551 1509 609 1554 res
627 1483 701 1552 alio
720 1484 804 1548 loco
827 1477 943 1547 fuisse

287 1589 442 1678 quando
458 1588 643 1672 sedimuS,
669 1583 809 1652 hilares
824 1580 1022 1667 cerevisia,

206 1683 209 1690 ¹
287 1701 326 1756 et
339 1690 454 1758 celeri
472 1711 567 1760 nave
585 1686 716 1757 sinum.

283 1791 545 1882 percurrimus
565 1789 610 1858 ab
633 1785 796 1858 Hbrdia:

284 1893 453 1960 mulsum
472 1891 657 1976 bibimus,
689 1903 727 1956 et
747 1885 889 1952 multos

285 2013 480 2061 sermones
504 1990 706 2058 habuimus
726 1986 841 2067 olim5

283 2115 385 2168 nunc
401 2093 502 2162 solus
524 2091 699 2160 inemtas
718 2087 920 2179 gigantum

287 2195 479 2285 angustias
496 2193 670 2262 redactus
694 2209 794 2256 sum.

334 2297 525 2386 Praedico,
553 2317 611 2364 res
632 2293 706 2362 alio
733 2283 971 2370 incoluisse,
992 2309 994 2314 ·

283 2419 370 2465 cum
389 2421 464 2465 una
482 2395 719 2492 praegrandes
736 2389 897 2458 fecimus
921 2384 1013 2464 itert

283 2494 338 2564 ibi
355 2497 404 2567 in.
414 2519 526 2587 prora
540 2499 659 2564 celsus
679 2491 789 2560 sterit

282 2610 462 2668 strenuus
476 2599 627 2670 Storolli
645 2607 801 2691 gnatus,

284 2719 372 2770 curn
390 2723 505 2770 naves
530 2701 661 2789 longas
683 2693 819 2762 direxit

280 2797 392 2867 heros
415 2799 461 2868 ad
488 2797 775 2892 Eyrasundum3

281 2921 383 2971 nunc
404 2923 496 2994 ego,
523 2901 661 2968 violata
680 2895 784 2987 pacis
804 2888 900 2972 fide,

282 3000 484 3093 gigantum
507 2999 722 3071 habitacula
739 2997 872 3062 lustro

240 3096 244 3102 ¹
333 3104 522 3191 praedico,
550 3124 608 3172 res
626 3099 702 3169 alio
724 3098 809 3164 loro
828 3089 957 3172 fuisse,

283 3203 431 3292 quando
454 3205 597 3275 Ormus
614 3199 655 3270 in
673 3193 839 3290 procella
865 3185 1025 3257 bellone

281 3306 488 3394 processit,
513 3303 618 3373 avido
643 3297 809 3370 Geiteris

282 3425 381 3492 equo
400 3417 538 3494 potum
554 3399 790 3495 prebiturus.

280 3503 347 3571 Vir
364 3506 489 3574 alacer
504 3503 718 3576 multorum
737 3495 899 3564 fortium

279 3623 439 3693 procera
459 3625 617 3695 corpora
637 3603 735 3691 lupo
750 3596 852 3664 dedit

279 3703 321 3774 in
340 3707 551 3799 caliginosa
572 3723 718 3796 pugna,
746 3695 792 3766 ad
807 3697 881 3764 Ivae

279 3806 453 3894 ostium,¹
470 3822 507 3876 et
521 3804 661 3876 acriter
676 3799 812 3871 intulit
828 3797 937 3863 ictus.

329 3906 512 3994 Praedico‚
536 3929 596 3975 res
612 3903 686 3972 alio
704 3903 789 3969 loco
806 3895 934 3978 luisse,

279 4024 368 4074 cum
388 4007 526 4076 sudore
540 4004 691 4096 perfuso
707 3995 864 4092 agmini,
878 3995 979 4062 inter

259 4103 527 4178 .Gothelbicos
541 4104 720 4198 scopulos
735 4098 783 4172 ad
797 4105 984 4177 austrum,
1012 4085 1135 4157 intuli
