2594 4784
414 243 727 350 τί
904 230 969 356 'oo

27 261 28 290 '
68 311 96 366 o.
115 303 179 368 aaa.

67 498 281 568 lautissimus
296 511 334 564 et
354 493 610 572 nobilissimus
624 505 701 583 est,'
717 479 874 592 regique
891 497 1033 590 Magno

68 602 221 689 apprime
238 619 355 666 carus,
428 598 531 666 Tum
555 609 738 694 augustus
761 599 826 666 ille
851 595 924 664 vir:
958 595 1034 663 vidi

69 716 200 794 egomet
208 700 383 768 Einaram
394 695 782 769 Thambarskelferem
794 723 871 766 rem
884 717 1032 766 summo

67 801 184 869 robore
211 811 405 894 gerentem
438 797 480 864 in
505 789 704 887 Serpente,
742 821 811 890 pro
848 823 890 866 aa
912 811 1031 882 aetate,
1140 801 1141 805 ’

67 916 182 991 utpote
199 916 284 968 tum
298 897 508 966 octodecim
530 919 647 966 anuos
670 917 821 988 natum,
849 912 887 967 et
904 911 1033 966 tamen

66 1001 265 1070 fortissimis
282 998 393 1092 regiis
411 997 561 1067 athletis
582 1021 649 1088 par
669 1001 752 1070 luit.
808 1001 954 1070 Gautus
980 999 1033 1064 fa-

68 1104 151 1170 ciem
166 1101 343 1187 hominis,
370 1121 536 1188 quocum
554 1101 848 1190 colloquebatur,
868 1101 1032 1184 intuens,

68 1203 321 1270 secumanimo
337 1199 526 1287 volvebat,
559 1219 625 1268 cur
643 1201 688 1270 de
711 1203 838 1291 praelio
863 1216 908 1269 et¹
924 1201 1033 1294 regiis

68 1304 165 1372 verba
181 1303 341 1387 laceret,
357 1299 545 1390 'tauquam
570 1301 610 1369 si
627 1300 667 1368 in
693 1325 734 1370 re
756 1303 930 1393 praesenti
944 1301 1032 1369 fuis·

69 1419 124 1470 set.
172 1406 274 1472 Tum
289 1403 450 1470 Gauius:
474 1399 589 1491 parvo
601 1415 693 1470 natu
710 1425 804 1492 puer
817 1426 944 1500 regem
960 1400 1034 1469 vidi

67 1504 213 1570 Olavum
230 1503 414 1592 'l'ryggvii
436 1502 576 1588 filium,
603 1505 663 1570 cui
683 1506 833 1592 quidem
849 1523 1034 1595 perquam

68 1603 256 1687 similises,
283 1619 501 1693 quanquam
519 1615 707 1693 protectae
722 1606 841 1675 *atatis
867 1605 932 1696 sis,
960 1602 1033 1688 dic,

66 1725 139 1797 age,
169 1703 285 1790 mihi,
320 1727 368 1770 au
395 1727 461 1773 rex
487 1706 624 1772 Olav'us
650 1705 720 1783 sis(
775 1705 845 1773 Illa
868 1717 1030 1773 contra:

67 1827 173 1893 neque
192 1826 261 1898 ago
271 1801 366 1876 mihi
381 1804 616 1900 dignitatem,
636 1827 760 1896 neque
775 1801 1031 1876 nomenOlavi

27 1951 28 1990 q
66 1905 217 1986 tiodiem
244 1903 286 1970 iu
306 1904 378 1972 hoc
396 1905 476 1996 ipso
499 1920 692 1974 momento
712 1929 889 1996 campana
905 1905 1033 1976 sonuit

27 2053 28 2056 ,
66 2005 277 2098 signumque
309 2003 409 2073 dedit
441 2021 571 2074 cautus
606 2003 827 2096 vespertini,
864 2009 905 2076 iu
933 2007 1032 2072 urbe

68 2105 283 2187 celebrandi3
302 2106 433 2186 ,statim
454 2106 498 2174 ml
514 2109 682 2199 primum
712 2129 914 2196 campauae·
930 2107 1031 2174 soni-

67 2219 136 2274 tum
157 2208 211 2274 vir
227 2205 294 2274 illa
306 2209 476 2284 :surrexit
494 2211 737 2300 et-templum
755 2209 856 2298 adiit,
887 2224 924 2278 et
942 2229 1031 2274 cum

67 2329 101 2371 eo
117 2307 266 2375 Gautus.
320 2307 393 2377 Hic
413 2323 543 2377 autem
557 2311 613 2378 vir
635 2321 848 2380 tautae‘arat
867 2320 1030 2392 staturae,

66 2421 101 2472 ut
110 2407 266 2494 Gautus,
290 2410 335 2477 ab
355 2410 470 2478 tatere
496 2411 575 2496 ejus
593 2409 785 2495 incedam,
807 2412 868 2478 viu
894 2409 938 2478 ad
960 2407 1031 2474 hu·

66 2527 171 2576 meros
184 2509 264 2594 ejus
281 2510 524 2604 peutingoret.
580 2511 678 2578 Cum
694 2511 735 2579 iu
749 2515 935 2600 templum
948 2531 1031 2600 per⁸

27 2635 28 2640 ¹
67 2623 250 2695 venerunt,
277 2633 412 2704 magua
441 2610 494 2676 ibi
522 2611 646 2680 aderat
675 2611 877 2679 hominum
905 2608 1032 2676 multi·

66 2703 166 2790 tudoa
193 2709 370 2778 monachi
398 2725 437 2778 ot
460 2711 587 2780 clerici
611 2712 714 2778 huno
734 2711 857 2780 virum
883 2729 1031 2798 exspec·
1070 2739 1074 2750 ¹

66 2809 343 2896 tantas,simulao
357 2810 552 2898 intemplo
567 2809 701 2898 adorat,
719 2827 873 2882 cantum
883 2830 1030 2898 vesper·

66 2904 175 2976 tinum
192 2912 313 2978 exorsi
326 2925 424 2982 suut.
475 2910 911 2997 AnimadvertitGautus,
927 2912 1030 2977 hunc

66 3005 174 3074 virum
196 3033 310 3100 super
333 3011 425 3080 alios
450 3019 599 3096 omum,
642 3011 708 3102 qui
732 3011 786 3080 ibi
806 3012 1030 3096 adfuerunt,

67 3107 174 3195 capita
200 3125 237 3176 et
265 3111 363 3180 collo
389 3129 549 3198 exstare,
583 3135 706 3204 eoque
731 3111 816 3204 plus
839 3111 1030 3205 dignitatis
1073 3185 1075 3192 ¹

66 3205 105 3272 ob
118 3230 242 3278 omues
253 3233 312 3282 ras
323 3213 357 3280 ei
371 3215 557 3300 accedere,
576 3214 808 3303 quomaioris
820 3227 899 3282 erat
914 3227 1030 3282 statu-

65 3327 117 3394 rae,
131 3332 241 3398 quam
249 3313 374 3400 ceteri,
393 3315 522 3382 multis
537 3315 754 3384 hominibus
766 3338 854 3384 eum
870 3315 1029 3382 circum·

67 3409 251 3499 stantibus,
276 3413 321 3481 ad
339 3416 424 3498 ujus¹
436 3405 687 3485 ministerium
702 3416 850 3506 paratis.
906 3414 1030 3483 Contu

66 3511 260 3598 vespertino
277 3513 321 3582 ad
336 3515 450 3584 fluam
468 3515 650 3606 perducto
661 3559 678 3603 ,ι
697 3539 854 3608 magnus
881 3516 946 3583 ille
972 3514 1029 3582 vit·

65 3613 195 3700 templo
214 3615 422 3704 agreditur,
454 3615 622 3705 duosque
648 3617 865 3684 monasterii
893 3636 1029 3707 procu·

65 3723 190 3781 rotatas
214 3713 261 3780 ad
280 3729 458 3802 sevocat,
484 3737 577 3807 quos
593 3718 717 3786 Gauto
737 3716 836 3783 bona
859 3713 1028 3804 hospita·

64 3805 164 3880 litatis
179 3811 301 3882 officia
316 3831 491 3906 praestare
511 3817 630 3904 jussit.
682 3815 735 3886 Hi
754 3839 842 3883 eum
864 3814 905 3884 in
924 3813 1029 3884 cubi·

67 3910 180 3980 culum
206 3912 417 4003 deducunt,
460 3937 679 4008 coenamque
705 3915 912 3986 lautissime
933 3937 1028 4006 praa·

65 4004 158 4092 bent3
183 4018 488 4104 sequauti'mana
513 4018 756 4088 lav-acrumei
780 4029 930 4106 parant,
955 4037 1028 4107 pu·-

27 4145 28 4152 1
66 4106 355 4200 risquauastihus
375 4115 560 4224 ludunum
584 4114 740 4191 waltero
764 4117 823 4188 die
839 4133 925 4210 post
938 4115 1027 4187 mis-
