2534 4778
357 901 399 1010 P
425 942 456 1010 a
481 941 510 1011 r
533 920 555 1012 t
581 903 599 1012 i
624 901 759 1012 oul
788 939 819 1013 a

302 1077 354 1159 de
378 1075 625 1162 Thorsieino
650 1073 872 1194 Boripede.

503 1264 673 1283 *-

93 1395 184 1487 Cap.
203 1405 235 1468 1.
290 1327 491 1468 Thordus
514 1397 697 1492 Skeggius
729 1394 935 1493 (Barbatus)
955 1395 1076 1468 nomi·
1143 1436 1145 1440 ·

90 1513 205 1567 natus
223 1511 279 1566 est
296 1500 376 1583 vir3
401 1496 433 1569 is
453 1515 576 1570 toturn
602 1515 764 1568 tractum
787 1496 1000 1568 Lonensem
1030 1497 1075 1568 ab

89 1595 362 1689 septemtrione
378 1599 582 1690 kaulsaae,
608 1600 705 1669 hanc
724 1599 824 1668 inter
843 1615 880 1667 et
896 1599 1076 1670 Lonshei·

91 1700 182 1768 darn
200 1704 417 1792 occupavit,
455 1717 493 1770 et
510 1699 585 1769 Baei
607 1699 739 1768 decem
755 1697 946 1768 hiemibus
972 1697 1077 1768 habi·

89 1801 196 1868 tavit.
237 1800 346 1868 Cum
362 1813 490 1870 autem
514 1807 780 1894 cognoverat',
805 1797 998 1869 columnas
1020 1821 1077 1868 se·

91 1897 144 1968 dis
160 1920 237 1966 suae
253 1897 440 1990 primariae
455 1898 496 1970 in
510 1898 767 1996 Leirurogum
782 1898 879 1968 infra
895 1915 1076 1970 montana

91 2000 306 2090 appulisse,
331 2001 468 2072 fundos
488 2023 576 2070 suos
596 1997 766 2072 vendidit
787 1999 946 2088 Ulssjoto
968 1997 1077 2096 Legi·

90 2101 194 2188 fero,
219 2100 284 2192 qui
303 2102 435 2170 eodem
451 2100 492 2170 in
509 2103 659 2172 Lonum
676 2102 886 2170 advenerat.
940 2101 1077 2187 Ulfrjo‘·

91 2201 240 2269 tussuit
256 2203 357 2272 filius
382 2201 541 2292 Thone,
568 2199 654 2272 filiae
684 2199 814 2272 Ketilis
837 2197 1074 2291 Hbrdakarii‚

90 2301 160 2369 filii
184 2299 310 2372 Aslaki
333 2301 551 2390 Bifrukarii,
577 2303 647 2373 filii
668 2297 802 2373 Unaris
823 2298 1075 2394 Arnarhyrnae

54 2440 57 2448 ·
91 2397 265 2494 (aquilini
283 2403 421 2484 rostri).
477 2403 574 2472 Cum
591 2427 677 2472 vero
701 2401 880 2490 Ulfljotus
902 2401 947 2471 ad
972 2425 1076 2471 sexa·

91 2501 278 2597 gesimum
293 2503 372 2572 fere
386 2526 529 2572 annum
542 2521 773 2595 pervenerat,
795 2505 835 2572 in
846 2501 1076 2596 Norvegiarn

91 2603 258 2691 trajecit,
292 2601 421 2695 ibique
442 2618 519 2680 tres
548 2603 693 2672 hiemes
724 2616 975 2672 commoratus
1000 2615 1074 2692 ests

91 2717 174 2774 turn
194 2702 260 2772 ille
275 2728 440 2775 unacum
459 2709 492 2775 T
494 2705 663 2774 horleivo
680 2700 864 2794 Sapiente,
887 2704 1073 2772 avunculo

90 2829 175 2896 suo,
203 2806 318 2896 leges,
347 2830 430 2896 quae
450 2822 577 2900 postea
598 2805 807 2891 Ulfljotinae
829 2819 917 2874 sunt
945 2803 1075 2894 appel·
1159 2801 1160 2804 '

90 2911 187 2996 latae,
216 2907 439 2996 composuit.
498 2907 571 3000 Qui
587 2929 673 2974 cum
690 2925 845 2996 peregre
856 2904 1074 2985 advenisset,

91 3009 246 3078 comitia
261 3005 483 3078 universalia
500 3007 702 3076 constituta
713 3019 810 3092 sunt,
833 3027 877 3072 ex
888 3024 962 3094 quo
978 3016 1074 3070 tem·

90 3131 183 3200 pore
209 3129 339 3175 omnes
365 3103 478 3193 hujus
501 3106 633 3176 insulae
653 3104 785 3174 incolae
811 3102 1075 3174 communibus

90 3209 239 3305 legibus
255 3205 314 3275 usi
343 3223 442 3276 sunt.
495 3204 655 3276 Initium
680 3201 809 3300 legum
834 3203 1075 3273 ethnicarum

89 3313 165 3380 tale
182 3310 271 3378 fuit:
295 3331 409 3376 nemo
425 3331 559 3376 navem
580 3304 778 3397 capitatam
794 3304 834 3374 in
854 3327 994 3374 oceano
1013 3303 1074 3372 ad·

89 3413 258 3487 hiberet3
286 3407 398 3498 siqui
418 3409 664 3490 adhiberent,
687 3408 830 3496 capita,
855 3407 1074 3495 priusquam

90 3514 132 3586 in
152 3519 397 3598 conspectum
415 3523 521 3576 terrea
540 3509 748 3594 venissent,
777 3507 981 3590 demerent,
1008 3523 1074 3572 ne·

92 3636 164 3702 que
194 3611 239 3678 ad
264 3623 405 3677 terram
432 3609 647 3703 navigarent
672 3605 862 3673 hiantibus
891 3605 1074 3694 capitibus

91 3729 156 3781 aut
183 3707 343 3779 diductis
371 3709 521 3794 rostris,
556 3732 605 3777 ne
631 3705 735 3801 genii
758 3719 869 3774 terrae
892 3707 1073 3774 tutelares

89 3837 356 3854 -.-.-—-—-

132 3898 164 3965 ἵ)
184 3895 243 3962 seir,
275 3897 347 3966 quod
366 3898 395 3946 in
419 3907 490 3948 textu
519 3905 570 3960 est,
601 3895 697 3945 rectius
715 3891 809 3961 iegitur
832 3889 903 3961 sni,
930 3887 1073 3942 secundum

90 3990 284 4055 Lundnamanr,
320 4004 378 4057 pag.
399 3985 465 4051 298,
498 4001 557 4036 cunr
578 3999 629 4054 qua
652 3995 733 4039 totum
757 3983 808 4034 hoc
832 3995 909 4052 caput
934 3981 1073 4034 conferen-

92 4081 155 4131 dum
176 4091 221 4130 ost.
