2534 4778
290 921 331 1060 P
366 949 404 1026 3
431 957 460 1026 r
491 939 515 1028 t
548 923 566 1026 i
601 959 632 1029 c
667 959 706 1027 u
739 925 757 1027 1
792 959 823 1029 3

160 1094 216 1176 de
251 1091 477 1208 'I'horleivo
504 1093 775 1212 dynastarum
795 1108 928 1210 poeta.

457 1375 661 1474 (Praefatio.)

58 1529 78 1612 1
128 1569 209 1616 unc
243 1562 392 1634 eventa,
430 1573 513 1641 quae
543 1563 722 1646 vergente
746 1562 856 1621 aetate
881 1545 1049 1620 Hakonis
1162 1609 1165 1616 .

57 1647 273 1720 Hladarum
290 1648 453 1740 dynastae
467 1652 694 1734 acciderunt,
712 1650 1050 1743 exponentur,qui·

59 1751 133 1817 bus
160 1771 302 1839 nempe
332 1751 532 1834 monstris,
569 1749 759 1820 veneficiis
776 1765 825 1820 et
850 1749 1049 1840 praestigiis

59 1851 270 1918 infamatus
286 1846 418 1937 fuerit,
442 1866 480 1920 ot
495 1852 631 1920 merito
654 1849 826 1942 quidem3
850 1849 1049 1934 ejusanim

59 1947 325 2018 inhumanitas
337 1965 375 2019 et
387 1953 567 2042 apostasia
578 1952 707 2022 multis
720 1949 934 2020 hominibus
947 1950 1051 2045 gravi

61 2049 172 2118 oneri
200 2062 240 2117 et
265 2047 496 2140 irreparabili
521 2051 657 2122 damno
680 2051 797 2120 animi
818 2063 858 2119 et
885 2051 1049 2142 corporis

62 2149 285 2219 extiterunt.
337 2143 438 2219 Huic
449 2152 597 2238 accidit,
613 2152 715 2243 quod
729 2153 810 2220 fera
825 2172 897 2218 usu
911 2150 1048 2235 euenit,

62 2265 107 2319 ut
121 2251 293 2318 instante
313 2249 485 2320 vindictae
501 2263 680 2344 ternpore,
703 2249 867 2322 difficilis
878 2249 1008 2350 iuga
980 2265 1049 2333 nt,

62 2375 106 2420 ea
122 2350 230 2418 enim
248 2362 302 2418 est
320 2349 697 2438 adversarii(diaboli)
712 2366 858 2439 natura,
882 2364 924 2418 ut
935 2373 1051 2440 quern

60 2463 175 2544 putet
187 2450 383 2520 hominem
403 2453 557 2521 omnino
573 2452 615 2523 in
628 2476 691 2522 sua
700 2465 884 2544 potestate
894 2451 1049 2540 habere,

63 2551 209 2642 cuique
239 2552 371 2620 nullus
401 2552 447 2620 ad
476 2553 589 2622 deum
620 2553 742 2622 aditus
764 2565 907 2644 pateat,
943 2549 1049 2620 hune

60 2654 209 2744 primo,
231 2667 383 2743 turpem
397 2651 512 2722 vitam
532 2667 727 2747 agentern,
753 2650 911 2742 decipiat
928 2664 966 2718 et
986 2671 1049 2720 oc·

62 2765 182 2821 caecet
203 2752 359 2822 versutis
376 2753 522 2822 astutiis
541 2754 830 2824 maledictorum
850 2750 1050 2834 doloruma

61 2853 171 2921 finita
196 2867 323 2922 autem
340 2855 540 2946 temporali
553 2853 623 2922 hac
638 2854 725 2940 vita,
753 2853 945 2942 demergat
959 2873 1051 2920 eum

60 2951 559 3045 intenebrosumgcarcerem
570 2951 1049 3041 diurnorumcruciatuurn,

61 3053 193 3123 addita
210 3051 358 3122 infinita
373 3055 524 3122 miseria
540 3067 578 3122 et
596 3055 801 3122 vexatione.

410 3155 472 3224 De
499 3156 712 3222 'l'lrorleivn

116 3253 207 3345 Cap.
229 3260 259 3322 t.
310 3256 365 3324 Eo
389 3266 557 3345 tempore
572 3249 945 3348 AsgeirRaudfeldus
965 3258 1052 3334 (ru-

61 3356 133 3423 bro
165 3366 272 3443 sago)
300 3353 451 3422 Brelrkae
475 3353 517 3424 in
545 3350 822 3427 Svarfadardalo
849 3352 1052 3440 habitavit,

62 3455 125 3524 vir
149 3467 284 3545 potens
304 3467 342 3521 et
361 3474 501 3546 genere
532 3453 662 3524 clarus.
722 3457 887 3524 Uxorem
915 3451 1051 3520 habuit

63 3553 338 3641 Thorhildam,
371 3553 554 3624 feminam
578 3555 808 3645 sapientem,
838 3547 1053 3642 gratiosam,

62 3654 319 3744 masculaeque
334 3651 481 3724 indolis.
536 3654 606 3726 His
623 3668 698 3722 tres
718 3664 825 3720 erant
839 3645 921 3738 filii,
943 3651 1053 3720 bonae

61 3755 144 3844 spei
160 3755 329 3842 juvenes,
350 3777 515 3844 quorum
531 3767 624 3824 natu
633 3753 796 3822 maximo
822 3764 1054 3822 nomenerat

63 3856 226 3942 Olarus,
252 3877 462 3951 cognomen
477 3831 762 3942 volubrjotus,
771 3850 880 3922 alteri
893 3851 1054 3966 iialgius

62 3956 270 4058 Strenuus,
304 3975 398 4047 quos
425 3955 506 4025 alias
538 3955 705 4024 historiae
739 3953 824 4045 plus
852 3953 1055 4048 attingunt,

63 4078 183 4144 quarn
197 4055 288 4126 haec.
344 4055 627 4130 Minimusnatu
640 4053 741 4126 filius
760 4053 974 4126 nominatus
999 4066 1056 4122 est
