2594 4784
69 261 299 378 catana
461 293 728 364 ..-...····-··......
850 379 851 384 Ν
955 285 1018 376 49

71 504 303 593 desereret,
334 525 448 598 quem
478 529 584 599 aeque
611 508 788 580 libentes-1
816 511 994 582 votufsset
1018 537 1080 582 co·

72 605 239 694 mitari,
267 622 379 697 atque
400 606 473 676 vita
498 609 584 678 trui.
645 615 693 684 Et
721 634 823 681 nunc
844 615 959 683 altera
987 617 1078 701 vice,

74 725 175 774 oum
196 706 444 776 immoderata
459 707 697 790 vehementia
715 713 803 780 sein
821 727 984 783 mortem
998 733 1079 786 tan-

72 819 226 895 topere
241 807 510 898 precipitaret,
536 828 580 878 nt
604 811 733 880 eadem
752 835 845 881 nave
863 817 978 906 longe
991 818 1079 884 an'te

73 906 275 997 reliquam
296 909 449 976 classem
479 913 669 980 venusin
690 914 832 982 medios
857 915 981 982 hostes
1008 919 1079 983 ser-

73 1021 208 1076 retur.
266 1011 397 1097 Neque
426 1010 588 1099 mirum,
623 1015 654 1080 si
690 1013 725 1079 ei
757 1014 980 1104 impotentia
1011 1039 1077 1084 sua

76 1108 208 1176 exitio
227 1107 322 1194 fuit,
353 1109 435 1197 qui,
472 1133 560 1179 curn
586 1110 719 1180 rustici
735 1129 832 1181 esset
854 1114 972 1200 filius,
998 1124 1080 1183 tan'·

75 1223 169 1278 tum
201 1207 274 1277 sibi
298 1223 484 1296 sumeret,
511 1226 555 1278 ut
594 1236 681 1282 curn
707 1229 786 1282 tam
807 1214 948 1284 illustri
978 1219 1079 1307 prin·
1137 1303 1140 1310 Δ

76 1312 195 1400 cipe,
220 1310 341 1398 qualis
359 1311 432 1378 fuit
447 1312 584 1381 olavus
601 1314 752 1385 Haraidi
768 1314 878 1403 filius,
905 1340 991 1384 cum
1004 1337 1079 1406 quo

75 1409 140 1476 bis
170 1411 235 1479 vel
254 1412 388 1500 saepius
404 1410 542 1480 fecerat
569 1417 801 1505 pactionem,
824 1417 1079 1486 contenderet.

77 1512 169 1579 Hos
203 1531 358 1601 quoque
381 1511 464 1582 talis
487 1512 700 1585 intercessit
733 1513 913 1602 affinitas,
947 1531 991 1584 ut
1013 1537 1080 1586 rex

79 1610 236 1680 Olavus
252 1611 451 1682 etAstrida
469 1615 650 1710 Tryggvii
675 1616 771 1702 filia,
800 1637 894 1684 uxor
922 1616 1079 1708 Erlingi,
1187 1680 1189 1684 ,

77 1712 206 1780 tertio
242 1715 575 1806 consanguinitatis
614 1715 729 1808 gradu
769 1716 910 1810 juncti²
942 1729 1075 1785 essent.

79 1812 184 1881 Haee
200 1811 346 1881 decima
365 1827 497 1904 quarta
517 1814 590 1883 suit
603 1813 748 1906 hiems,
786 1838 832 1884 ex
856 1837 930 1906 quo
948 1836 1079 1909 pugna

79 1912 229 1985 Nasica
245 1915 443 1984 commissa
461 1928 526 1985 est.
980 1908 987 1916 “

267 2011 344 2106 [De
366 2004 514 2086 Binare
544 2014 917 2113 Ttamtarstelfire}

141 2113 319 2204 Cap.278.
344 2117 436 2184 Post
451 2137 618 2209 pugnam
634 2116 1081 2189 NesicatnEinarTham·

81 2213 289 2284 barskelfir
313 2239 334 2284 e
356 2237 473 2312 regno
499 2215 714 2308 profectus,
741 2217 926 2286 orientem
950 2239 1077 2286 versus

80 2315 130 2383 in
156 2317 330 2384 Sveciam
352 2338 441 2386 cunt
467 2317 571 2388 affini
597 2318 824 2387 suoSveine
852 2317 1005 2411 dynasta
1041 2339 1081 2386 se

87 2416 271 2485 contulit.
327 2419 398 2488 Sed
422 2431 510 2510 post
532 2417 678 2488 obitum
700 2417 864 2510 dynastae
881 2419 982 2509 apud
997 2419 1082 2488 Ola-

86 2539 191 2585 vum
218 2516 402 2587 Svionum
428 2540 559 2612 regem
585 2533 749 2587 versatus
775 2531 842 2606 est,
869 2517 987 2587 donec
1013 2518 1081 2587 ille

88 2639 252 2708 quoque
274 2635 445 2688 mortuus
471 2635 537 2688 est.
603 2617 748 2688 Deinde
782 2618 824 2686 in
857 2617 1082 2713 Norvegiam

87 2709 290 2806 retrorsus,
316 2739 447 2810 regern
472 2719 630 2790 Olavutn
643 2718 797 2790 Haraldi
809 2717 931 2787 filiurn
943 2720 984 2786 in
997 2740 1081 2808 par·

86 2819 203 2887 tibus
229 2817 470 2889 orientalibus
494 2821 678 2890 convenit.
744 2821 818 2890 Hic
850 2819 892 2887 in
924 2820 1083 2913 gratiam

89 2919 262 3012 utrique·
286 2943 328 2988 ea
352 2921 437 3016 lege
461 2921 673 3006 redierunt,
709 2933 753 2986 ut
783 2920 896 2990 Einar
927 2921 1082 2990 boream

89 3041 230 3088 versus
253 3019 295 3090 in
320 3019 649 3092 Thrandheimum
677 3041 716 3086 se
744 3017 951 3107 conferret,
1003 3043 1083 3088 orn·

88 3143 245 3212 nesque
278 3122 526 3210 possessiones
559 3141 642 3188 suas
672 3120 871 3206 retineret,
909 3120 1004 3189 item
1038 3142 1082 3189 ea

89 3220 256 3312 praedia,
283 3243 364 3311 quae
390 3220 484 3290 dotis
495 3220 650 3289 nomine
669 3219 864 3313 Bergljotee
883 3235 1082 3290 cesserant.

61 3403 64 3410 .
91 3324 186 3414 Quo
212 3319 323 3410 facto,
350 3321 465 3392 Einar
489 3321 643 3390 boream
668 3341 796 3388 versus
820 3318 1021 3412 proiectus,
1045 3321 1086 3388 in

90 3420 253 3513 praediis
276 3423 352 3490 suis
376 3421 564 3509 consedit,
599 3421 678 3516 regi
710 3443 749 3488 se
780 3443 858 3490 non
891 3420 1085 3505 addicens3

97 3521 184 3612 qui,
212 3543 429 3612 quanquam
456 3520 568 3617 regiis
594 3521 735 3590 salariis
766 3519 927 3610 carebat,
955 3533 1085 3590 tamen

96 3645 141 3690 se
168 3642 329 3710 suosque
363 3643 498 3716 magno
528 3621 724 3712 splendore
754 3619 904 3710 habuit,
943 3621 1085 3712 quippe

92 3723 276 3815 ingentes
301 3722 549 3814 possessiones
570 3738 713 3791 tenens.
778 3719 876 3788 Cum
903 3744 992 3792 vero
1019 3743 1086 3792 rex

144 3923 175 3986 ¹)
194 3922 359 3992 sanmjama]
369 3919 535 3996 iajttgjama,
549 3921 597 3990 id.,
610 3919 641 3987 G,
659 3920 688 3974 S·
730 3919 758 3990 2)
770 3920 979 3994 patineanaicgar]
992 3921 1086 3994 oysia‘n,

93 4015 227 4086 genuani,
248 4013 276 4064 S.

135 4115 203 4170 Vol.
222 4117 250 4169 3·
852 4082 887 4150 D
954 4175 956 4182 χ
