2534 4778
234 259 296 349 86
466 227 854 319 -··“··““’
1069 291 1172 358 oz

525 315 792 339 ''u-*⁸⁸⁸*-

171 483 265 561 Inde
282 482 470 571 Hjelmar,
492 476 639 549 eximiis
662 480 824 573 acceptis
848 476 1092 578 muneribus,
1121 485 1180 559 in

129 655 132 660 ,
172 585 407 678 Helsingiam
431 580 545 669 redit,
584 581 723 653 comite
750 583 979 671 Thorfinno,
1014 585 1080 676 qui
1108 586 1180 656 ibi

173 687 446 777 aliquantisper
466 699 718 755 commoratus
744 697 817 770 θεῖς
853 684 939 752 heic
967 687 1178 779 Megnhil-

121 783 124 790 ’
174 790 282 875 dem,
316 799 483 854 sororem
510 783 734 871 Hjalmeris,
759 781 920 853 uxorem
945 784 1070 874 duxit,
1097 785 1179 858 cui

174 912 264 960 cum
286 888 434 980 aliquot
464 907 581 954 annos
609 883 851 972 convixisset,
874 885 1047 972 Hjalmer
1063 910 1180 957 mor-

97 1058 99 1062 ,
173 1006 263 1060 tuus
280 1004 355 1070 est3
380 999 464 1074 tum
482 985 607 1054 omnis
627 984 821 1062 haereditas
840 985 885 1056 ad
901 988 1179 1080 Magnhildem

102 1145 104 1156 .
175 1089 308 1176 rediit,
344 1109 459 1178 quere
488 1084 787 1158 Thoriinnusin
811 1086 1052 1178 Helsiugiem
1075 1109 1179 1180 pro-

175 1193 319 1278 fectus,
342 1188 470 1277 ibique
488 1186 782 1278 dynastoetitulo
797 1201 952 1266 ¹ornatus
977 1202 1053 1272 estp
1093 1189 1178 1258 ibi-

177 1292 264 1362 dem
281 1309 399 1380 genus
414 1309 527 1361 suum
544 1287 775 1381 propagavit,
798 1289 1015 1378 multosque
1029 1289 1179 1358 habuit

176 1403 346 1480 nepotes.
401 1387 551 1464 Eirikus
569 1405 716 1474 autem,
747 1387 929 1458 Svionum
953 1409 1038 1477 rex,
1075 1413 1179 1460 cum

179 1491 433 1586 cognovisset,
469 1491 632 1580 'regnum
657 1511 769 1560 suum
794 1487 925 1560 hostili
942 1510 1059 1564 manu
1084 1511 1177 1560 esse

177 1605 375 1679 vexatum,
400 1611 591 1679 venasque
608 1587 710 1678 pacis
736 1587 970 1660 conditiones
997 1613 1019 1658 a
1042 1594 1177 1682 potitis

178 1691 293 1760 fuisse
308 1689 535 1782 propositas,
558 1690 661 1784 gravi
677 1689 731 1759 ira
746 1688 921 1760 incensus
940 1703 1014 1775 θεῖς
1036 1705 1196 1764 tamen·

178 1794 331 1865 nullum
351 1791 499 1859 bellum
521 1791 622 1858 inter
642 1789 711 1858 hos
730 1811 836 1885 reges
860 1790 1006 1882 erupit,
1030 1791 1178 1871 exinde

179 1916 269 1984 veco
285 1913 483 1980 nunquam
502 1890 572 1958 fide
593 1889 696 1958 inter
721 1912 783 1958 eos
805 1889 1015 1979 permansit
1035 1891 1178 1962 amici-

180 1995 245 2066 tia.
300 1993 394 2062 Vitae
413 1990 491 2060 dies
505 1992 602 2083 regis
622 1989 776 2061 Haraldi
800 1991 1029 2062 Pulcricorui
1049 1993 1176 2066 multi

183 2107 222 2160 et
238 2092 405 2160 illustres
420 2089 557 2178 iocre,
580 2089 742 2182 telisque
766 2089 851 2159 vitae
876 2091 1019 2180 exitus,
1046 2094 1179 2183 qualis

181 2192 311 2264 multis
329 2190 480 2265 auditus
495 2204 562 2265 est.
581 2279 583 2282 Ι
614 2195 674 2268 De
687 2213 763 2284 quo
775 2191 861 2264 heic
877 2191 952 2265 loci
966 2194 1077 2288 plura
1087 2215 1179 2270 uon

184 2306 540 2384 commemorantur.
820 2292 829 2320 ¹
