2534 4778
275 231 334 318 88
564 239 831 306 ...w-⁸...

215 454 317 525 fecti
338 466 444 538 sunt,
494 451 605 520 dubia
635 451 696 520 usi
715 448 791 518 sint
815 452 978 522 fortuna.
1028 455 1029 463 ’
1055 449 1214 524 Deinde

217 551 586 646 Thorkelproiactus
611 566 684 638 est,
708 565 746 618 et
772 552 812 624 in
837 555 1011 646 Angliam
1030 552 1216 643 pervenit

218 681 306 726 cum
323 653 460 724 eximio
478 653 670 736 comitatu,
686 674 889 746 regemque
907 652 1081 722 convenit
1095 652 1215 724 Adat-

217 757 361 828 radum.
414 754 625 824 Salutantes
642 773 707 818 rex
719 751 880 846 benigne
896 753 1054 842 excepit,
1069 768 1108 822 et
1121 752 1215 842 quis

219 881 352 926 eorum
372 853 546 946 princeps
562 863 669 938 esset,
691 854 875 942 quesivit.
930 853 1106 940 Thorkel,
1124 853 1214 944 quis

123 1041 126 1049 s
219 970 325 1043 esset,
354 953 479 1024 edixit.
532 956 611 1026 Rex
629 951 731 1022 infit:
757 952 902 1041 audivi,
925 965 969 1039 te¹
981 953 1123 1026 bonam
1137 952 1214 1020 tibi

224 1055 544 1140 existimationem
562 1053 827 1140 conciliavisse,
852 1051 974 1148 quare*
994 1066 1146 1144 gratum
1173 1068 1215 1122 te

219 1171 516 1246 exoptatumque
540 1153 669 1220 adesse
691 1153 817 1241 jubeo.
868 1151 1018 1224 Deinde
1039 1151 1214 1224 Thorkel

189 1258 191 1268 ’
221 1257 322 1350 apud
336 1278 463 1351 regam
479 1276 546 1346 per
563 1252 730 1322 hiemem
748 1269 910 1328 versatus
929 1267 995 1323 est.
1027 1255 1214 1344 Aliquan-

223 1360 269 1430 do
286 1378 416 1450 regem
432 1355 485 1428 ita
513 1351 707 1427 adlocutus
726 1368 798 1426 est:
826 1377 870 1426 ea
892 1370 948 1426 est
969 1351 1213 1444 profectionis

211 1451 315 1532 'meae
333 1457 447 1544 ratio‘,
476 1451 651 1541 domine,
674 1453 775 1544 quod
802 1476 868 1522 rex
895 1453 1077 1550 Sigonius
1105 1453 1213 1526 Sleva

223 1583 285 1629 me
311 1557 436 1640 misit,
470 1568 515 1626 ut
533 1551 680 1628 tributa
708 1553 826 1624 abste
849 1555 1060 1650 exigerem
1096 1576 1212 1647 quam

223 1682 305 1736 rem
325 1655 424 1730 sacili
446 1671 483 1724 te
505 1653 651 1728 ratione
669 1653 932 1744 expediturum
960 1677 1078 1744 spero.
1133 1657 1213 1728 Rex

215 1754 435 1846 respondit:
476 1757 596 1830 Antea
623 1754 736 1850 legati
754 1776 840 1824 cum
867 1755 1001 1828 iisdem
1027 1753 1211 1826 mandatis

227 1858 273 1926 ad
293 1880 352 1924 me
372 1871 566 1944 venerunt,
578 1853 641 1926 sed
655 1857 733 1924 haec
745 1855 932 1946 postulata
947 1854 1047 1950 regit
1061 1854 1212 1946 sigurdi

227 1954 488 2049 iniquitatem,
524 1955 644 2048 magis
669 1978 783 2044 quam
808 1950 1044 2045 aequitatem,
1077 1975 1210 2044 ‘sapere

214 2049 472 2140 ridebantur,
494 2049 646 2148 prorsus
670 2055 940 2150 enimignarus
957 2079 1061 2144 sum,
1086 2055 1212 2131 ullum

228 2155 326 2226 mihi
345 2153 514 2226 officium
529 2154 765 2241 incumbere,
798 2169 842 2227 ut
865 2157 900 2230 ei
922 2157 1102 2248 pecunias
1120 2176 1211 2248 peu·

214 2249 336 2340 'damr
362 2277 477 2345 quare
497 2252 625 2346 graves
642 2253 826 2330 dederunt
848 2276 993 2345 poenas,
1029 2255 1211 2351 quiantea

216 2347 289 2429 ⁴his
307 2352 491 2428 mandatis
510 2354 632 2428 functi
654 2371 760 2440 sunt3
786 2370 941 2450 apparet
964 2379 1131 2452 quoque,
1157 2379 1210 2428 re-

232 2476 319 2548 gem
336 2453 382 2524 de
398 2455 632 2549 profectione
649 2470 728 2543 tua,
745 2479 925 2553 quorsum
943 2455 1209 2541 evasuraforet,

113 2559 118 2568 ‘
259 2552 495 2630 arumfuisse
513 2553 730 2628 sollicitum.
784 2558 915 2632 Placet
925 2570 1066 2646 tamen,
1093 2557 1210 2632 Thor-

230 2579 306 2744 iel,
332 2669 462 2730 tecum
480 2679 599 2746 aeque,
622 2671 734 2750 atque
750 2670 872 2746 antea,
894 2680 1014 2754 agere,
1030 2673 1209 2748 tuamque

232 2778 379 2829 merere
401 2755 560 2848 gratiam
584 2770 622 2828 et
642 2755 868 2842 amicitiam3
920 2755 984 2828 sed
1011 2757 1208 2830 amicitiam

222 2858 396 2930 *tiliorum
409 2854 884 2931 Gurmhildaeemerenolo.
935 2857 1208 2929 Proximovere

234 2955 404 3031 Thorkel
424 2955 498 3030 iter
522 2955 570 3026 ab
593 2955 786 3030 occidente
814 2980 884 3052 per
909 2980 1010 3028 mare
1031 2957 1206 3042 instituit,

233 3058 353 3130 multa
372 3079 458 3130 cum
480 3055 659 3147 pecunia,
697 3077 835 3150 magna
854 3057 1029 3129 comitate
1051 3059 1097 3128 ab
1122 3079 1204 3150 rege

234 3155 426 3242 dimissus,
461 3155 592 3241 juncto
621 3179 707 3226 cum
737 3180 780 3225 eo
807 3159 916 3228 firmo
940 3155 1114 3232 amicitie
1136 3157 1207 3226 vin·

221 3257 331 3341 culo.
385 3255 585 3352 Postquam
603 3279 692 3328 veto
713 3255 883 3332 Thorkel
900 3282 920 3328 e
940 3259 1126 3351 Norregia
1140 3256 1206 3325 sol·

234 3367 360 3442 verat,
395 3378 460 3428 rex
486 3354 666 3447 Sigurdus
691 3355 820 3447 Sleva,
862 3358 982 3431 missis
1008 3357 1055 3432 ad
1077 3357 1205 3450 predia

235 3459 268 3529 T
270 3455 434 3528 horkelis
451 3456 672 3544 emissariis,
706 3457 860 3532 Olavam
876 3481 1032 3531 uxorem
1048 3453 1126 3544 ejus
1150 3456 1206 3527 do·

234 3579 341 3630 mum
370 3577 477 3628 suam
506 3555 638 3630 abduci
662 3557 825 3646 curavit,
864 3581 1023 3649 eamque
1050 3557 1204 3630 inlecto

233 3657 337 3742 juxta
350 3677 389 3727 se
399 3656 602 3727 collocavit.
657 3659 760 3732 Tum
776 3656 953 3728 ealocuta
968 3673 1032 3727 est:
1049 3658 1203 3741 domine,

234 3755 377 3846 inquit,
402 3755 540 3842 injuste
558 3769 596 3825 et
613 3754 766 3852 indigne
783 3781 872 3834 cum
891 3783 934 3829 eo
953 3759 1044 3852 agis,
1070 3756 1134 3853 qui
1142 3754 1203 3828 tibi

234 3855 346 3926 fidem
372 3854 500 3937 habet,
541 3871 579 3924 et
598 3859 763 3950 plurima
784 3861 882 3932 mala
909 3859 1000 3932 hinc
1024 3859 1203 3935 orientum

235 3953 338 4032 nunc
354 3971 501 4040 tamen,
527 3955 595 4026 etsi
610 3961 717 4048 pejus
730 3958 783 4028 ita
797 3961 858 4048 sit,
883 3983 942 4032 res
957 3957 1015 4032 tui
1033 3959 1103 4028 erit
1118 3955 1203 4026 arbi-

235 4057 311 4130 uii.
365 4056 525 4130 tremit:
553 4080 655 4132 nunc
671 4058 840 4153 primum
861 4060 925 4152 iis,
952 4083 1035 4154 quae
1059 4056 1202 4146 juberis,
