2594 4784
295 271 352 358 tr
541 311 545 320 ι
583 275 852 348 *mm
1090 293 1243 388 cors„

237 515 308 590 pe,
340 495 440 587 quod
459 486 678 592 haereditate
705 507 906 586 acceptum
940 510 1012 584 ope
1039 493 1221 562 divinitus

234 619 412 668 ‘concessa
437 597 502 665 diu
522 596 698 678 tenuisti,
736 617 859 684 neque
887 609 1032 686 patere,
1070 608 1114 662 ut
1137 596 1222 664 sub·

237 700 326 786 ircti
344 700 400 767 tui
423 697 493 765 tibi
512 712 664 764 metum
688 693 885 764 incutiant.
959 696 1123 789 Regium
1146 709 1222 786 est,

237 799 432 867 victoriam
456 797 501 893 ab
524 797 695 865 hostibus
718 811 932 894 reportare,
966 817 1068 865 mors
1093 809 1223 866 autem

239 900 410 994 gloriosa
438 887 527 964 cum
554 897 669 988 copiis
698 897 738 963 in
753 897 884 988 praelio
910 896 1064 981 cadere,
1091 895 1225 988 ecquid

240 1002 403 1084 dubitas,
436 1009 476 1065 te
501 997 640 1082 justam
667 994 838 1066 haber-'e
828 1019 889 1065 ιιι
886 999 962 1067 lite
987 1011 1112 1067 vestra
1138 1019 1225 1066 cau-

242 1098 347 1168 sam?
373 1117 421 1167 ne
445 1097 568 1188 fac-ias,
592 1095 731 1184 utjust
737 1119 830 1166 uum
847 1081 1071 1184 dissimules,
1095 1097 1226 1167 fidenti

242 1197 368 1268 animo
390 1207 558 1290 regnum
587 1213 754 1288 repetas,
790 1199 891 1290 quod
916 1199 1020 1267 testis
1045 1199 1118 1266 tibi
1140 1197 1228 1266 deus

245 1302 342 1384 erit,
395 1311 501 1366 tuam
532 1322 609 1366 esse
636 1298 921 1388 possessionem.
975 1301 1056 1370 Rex
1091 1299 1228 1366 Olavus

243 1417 374 1469 somno
408 1399 715 1490 expergefactus,
759 1399 929 1468 obeuntis
957 1397 1125 1466 hominis
1148 1420 1228 1488 spe-

242 1503 342 1568 ciem
370 1498 664 1568 animadvertere
689 1499 762 1568 sibi
784 1499 881 1567 visus
908 1515 975 1582 est,
995 1521 1062 1568 rex
1077 1499 1146 1603 deo
1160 1519 1228 1589 pro

244 1601 320 1668 hoc
348 1601 425 1667 viso
452 1599 587 1694 gratias
609 1601 706 1691 egit,
730 1613 769 1668 et
792 1599 967 1668 animum
993 1619 1107 1694 suum
1129 1599 1228 1668 exin·

245 1701 305 1767 de
319 1699 575 1785 confirmavit,
600 1719 758 1790 eamque
777 1699 1031 1814 sententiam,
1057 1723 1140 1793 quae
1157 1699 1230 1790 ipsi

243 1799 402 1889 suisque
432 1799 610 1868 omnibus
646 1788 808 1868 maxinie
829 1802 1053 1891 placuerat,
1105 1801 1228 1870 animo

246 1901 320 1969 sibi
343 1899 567 1967 destinatam
592 1899 724 1968 habuit
732 1909 840 1990 ,tut
863 1917 1003 1991 nempe
1027 1903 1068 1969 in
1093 1905 1230 1973 Norve·

248 2004 349 2094 giam
370 2011 632 2069 reverteretur.
685 1991 873 2071 Persuasit
901 2025 1039 2100 nempe
1070 2001 1155 2088 sibi,
1179 2001 1230 2068 fo·

247 2125 310 2189 re,
335 2111 394 2168 ιιι
405 2099 630 2190 Norvegiam
654 2121 876 2191 recuperare
900 2125 985 2170 non
1018 2117 1114 2172 esset
1140 2099 1231 2170 diffi

250 2203 354 2287 cilo,
365 2198 520 2289 prefect
522 2223 543 2266 o
507 2199 658 2268 tdesi'
635 2205 803 2286 ittutam,
826 2201 927 2290 quod
943 2203 990 2270 ab
1003 2197 1229 2288 hominibus,

248 2317 380 2370 recens¹
402 2301 446 2368 ab
476 2299 662 2392 ¹Norvegia
687 2299 989 2388 advenientibus,
1030 2315 1231 2392 acceperat,

251 2403 443 2514 dynastam
461 2401 693 2488 ‘Hakonem,
716 2425 771 2468 -ex
802 2402 997 2470 occidente
1030 2403 1075 2472 ab
1101 2400 1232 2496 Anglia

178 2559 181 2566 ,
249 2501 508 2590 navigantem,
545 2523 632 2570 cum
656 2503 856 2588 omnibus,
890 2503 956 2592 qui
989 2505 1034 2572 ιιι
1057 2498 1144 2572 navi
1170 2523 1232 2570 sua

218 2611 222 2618 '
251 2615 378 2687 erant,
408 2601 512 2668 mari
538 2603 773 2670 submersum
794 2603 960 2703 periisse.
1018 2604 1137 2696 Quod
1151 2625 1233 2671 con·

250 2651 378 2770 ιἰιιιιιιι
405 2715 493 2768 cum
514 2703 593 2770 suis
618 2702 839 2791 aperuisset,
875 2719 978 2804 grato
1003 2705 1131 2776 animo
1159 2725 1234 2772 om

251 2817 316 2868 nes
347 2799 398 2868 id'
393 2801 717 2890 comprobarunt.
770 2808 851 2874 Jam
876 2823 966 2872 ιιοιι
989 2821 1046 2873 est
1075 2803 1233 2874 incredi-

252 2903 352 2988 bre
378 2899 491 2968 deum
519 2903 586 2968 hec
610 2924 673 2967 sua
701 2897 1042 2974 administratione
1046 2905 1127 2997 regi
1154 2925 1233 2998 cog·

253 3015 385 3070 natum
412 3001 598 3067 Olavum
603 3002 782 3095 ''tryggvii
808 3001 932 3072 filium
958 3020 1234 3094 premonstrat·

253 3125 333 3184 se,
345 3101 411 3168 bic
447 3098 547 3167 enim
580 3101 717 3170 Olavus
743 3102 807 3192 pio
833 3089 996 3193 semper
993 3105 1127 3174 studio
1153 3127 1235 3196 ope·

253 3221 331 3268 ram
329 3199 461 3366 fdedit,
488 3213 533 3266 ut
548 3200 884 3292 christianismum,
910 3205 1014 3272 abOl
1017 3225 1086 3273 avo
1098 3210 1235 3301 Try'gg

253 3298 345 3366 'viii
343 3300 408 3368 dio
433 3293 647 3384 fundatum,
669 3301 882 3371 emendaret
907 3319 945 3370 et
967 3304 1140 3374 adfinem
1156 3325 1236 3397 per·

203 3406 206 3410 ’
255 3401 426 3481 ducerem
452 3413 492 3466 et
513 3419 602 3469 sane
631 3401 767 3470 Olavus
793 3401 946 3472 Haroldi
971 3404 1072 3473 filius
1091 3429 1236 3476 omnem

254 3500 449 3594 Norvegiae
475 3497 661 3590 populum
677 3499 728 3568 ad·
739 3501 904 3572 sanctam
918 3503 1032 3573 fidem
1052 3503 1235 3594 perduxit:

255 3599 370 3687 hujus
394 3597 499 3667 'enim
524 3601 658 3691 populi
683 3619 820 3693 magna
852 3623 937 3694 pars
974 3627 995 3674 a
1029 3617 1131 3676 recta
1156 3607 1263 3676 ralis

257 3701 391 3790 gione,
426 3723 540 3790 quam
569 3723 630 3770 eos
660 3701 802 3786 Olavus·
824 3703 928 3792 prior
960 3702 1158 3796 docuerat,
1198 3704 1237 3775 ad

256 3800 441 3896 paganam
456 3799 646 3870 idolorum
664 3801 971 3890 superstitionem
985 3805 1132 3896 relapsa
1149 3821 1232 3877 erat.

261 3899 420 3987 Utrique
447 3899 561 3968 etiam
585 3901 755 3970 moribus
771 3902 1009 3975 consimiles:
1035 3903 1077 3975 in
1092 3922 1238 3978 senten·

159 4019 165 4037 ι
259 3999 322 4066 tiis
345 3999 509 4070 ferendis
530 4000 641 4088 justi,
665 4005 705 4072 in
729 4001 928 4094 puniendis
939 4005 1238 4080 malefactoribus
