2594 4784
299 241 384 346 '62
612 273 882 336 “““--··-·-·-““···-..-
1126 269 1245 362 usas.

262 485 454 576 homines,
480 481 647 554 soluisse·
661 501 749 554 eum
765 501 929 556 mortem
948 483 1019 553 sibi
1039 485 1244 555 conscisce-

261 613 328 678 re,
347 579 530 676 tantoque
546 601 823 656 consternatum
837 585 951 654 fuisse
966 587 1124 676 timore,
1148 601 1191 654 ut
1205 589 1243 657 in

261 687 602 784 aquas‘desiluerit,
628 707 716 755 cum
736 709 775 754 se
789 685 881 756 adeo
899 687 1069 756 saucium
1093 701 1131 754 et
1161 686 1242 755 viri-

260 793 331 860 bus
350 791 538 858 desertum
558 800 694 874 nosset,
719 800 763 854 ut
780 787 935 856 evadere
954 809 1031 856 non
1042 786 1241 878 potuissem

259 913 382 984 neque
400 889 571 979 profecte·
596 889 637 956 iu
664 887 805 957 artibus
824 901 861 956 et
885 888 1074 957 exercitiis
1095 901 1240 957 tantum

250 991 456 1084 excelluit,
485 987 783 1080 quantum-ferna
802 988 904 1077 tulit,
931 987 963 1059 si
990 989 1108 1058 lorica
1130 987 1240 1056 aliave

257 1105 447 1163 armatura
468 1111 555 1157 eum
570 1088 634 1157 diu
652 1091 719 1158 sub
738 1088 846 1180 aquis
874 1087 1088 1182 deprimere
1113 1100 1239 1182 potue-

257 1209 365 1279 runt,
390 1206 434 1259 ut
449 1189 499 1258 iis
512 1213 551 1256 se
569 1211 711 1258 exuere
734 1189 969 1280 nequiverit,
993 1190 1132 1259 talibus
1152 1188 1238 1257 fides

255 1293 426 1362 habenda
450 1287 536 1359 non'
551 1305 628 1380 est,
653 1308 764 1382 atque
787 1291 920 1380 piures
936 1289 1139 1360 hominum
1161 1311 1237 1356 sen-

254 1395 391 1466 tentias
416 1390 551 1482 profer.
605 1391 766 1485 Quidam
797 1391 972 1459 homines
997 1407 1154 1482 putant,
1191 1388 1237 1460 ait

257 1497 420 1578 Gaurus,
447 1491 522 1559 vim
545 1490 709 1560 divinam
726 1515 815 1560 eum
832 1491 879 1560 ad
894 1514 933 1559 se
951 1491 1150 1582 recepisse,
1177 1506 1236 1558 aut

255 1619 343 1664 eum
362 1595 404 1662 in
418 1593 536 1660 alium
551 1589 740 1682 quendam
751 1594 880 1660 locum
893 1591 1145 1661 transduxisse
1156 1613 1234 1660 cum

253 1717 389 1790 magno
406 1717 449 1760 eo
467 1693 638 1780 lumine,
665 1715 741 1785 quo
758 1693 869 1762 multi
886 1713 1017 1784 regem
1038 1690 1198 1762 circumi
1221 1727 1233 1740 ·

253 1819 336 1866 sum
353 1793 537 1863 viderunt.
564 1793 730 1864 Pulcher
746 1793 813 1861 ille
828 1795 884 1862 vir
899 1793 1109 1884 respondit:
1126 1791 1232 1861 dubia

253 1917 378 1985 neque
392 1894 465 1962 fide
492 1894 603 1985 digna
615 1894 743 1963 isthaec
764 1894 951 1963 sententia
965 1907 1031 1982 est,
1054 1918 1144 1964 eum
1157 1907 1231 1961 tan·

252 2011 301 2065 tae
316 1993 519 2064 sanctitatis
535 1993 660 2082 fuisse,
674 2011 717 2064 ut
725 1993 760 2062 vi
775 1994 917 2063 coelesti
932 1993 1038 2080 vivus
1052 1996 1099 2064 ab
1117 1989 1232 2062 homi·

252 2116 346 2167 num
357 2087 543 2164 censortio
556 2095 722 2164 sublatus
734 2096 800 2179 sit3
826 2118 928 2181 nam,
943 2118 1159 2186 quanquam
1169 2115 1227 2162 rex

254 2198 392 2268 Olavus
407 2197 703 2264 nonnullavbona
721 2217 836 2286 opera
846 2195 947 2283 fecit,
961 2209 1102 2265 ‘tamen
1117 2195 1231 2264 multa

251 2312 403 2390 peccata
428 2296 593 2384 admisit,
620 2317 734 2386 quare
758 2296 839 2364 haec
862 2295 976 2366 fidem
993 2319 1072 2366 non
1091 2319 1231 2365 meren·

253 2414 334 2480 tur3
364 2396 590 2466 eredendum
612 2398 762 2488 potius,
804 2419 893 2466 eum
917 2399 1081 2488 supplici
1108 2399 1227 2465 animo

253 2499 456 2590 divinoque
479 2497 654 2582 adjutum
676 2498 816 2566 auxilio
848 2519 1011 2590 praesens
1029 2499 1116 2568 vitae
1134 2496 1230 2587 vperi-

252 2601 386 2668 culum,
412 2598 576 2689 effugere
592 2599 770 2690 potuisse.
823 2598 939 2667 Porro
956 2597 1018 2668 dic'
1030 2596 1129 2667 mihi
1152 2597 1229 2688 piu-

252 2721 311 2770 res
340 2699 538 2767 hominum
567 2701 782 2791 sententias.
850 2699 996 2768 Gaurus
1022 2691 1227 2788 respondit:

249 2813 338 2870 sunt
362 2798 426 2890 qui
445 2798 588 2888 dicent,
613 2806 806 2868 natantem
821 2797 937 2866 fuisse
954 2799 1158 2886 sublatum,
1182 2813 1229 2866 at·

251 2925 324 2991 que
349 2899 393 2968 ad
417 2912 558 2968 terram
585 2899 824 2989 deportatum
850 2900 982 2968 eadem
1008 2922 1124 2990 nave,
1151 2919 1228 2990 quae

248 3001 318 3070 hac
335 3001 393 3068 die
415 3001 663 3090 nonprecula
674 2999 758 3081 loco
775 3001 897 3088 praelii
909 3000 1104 3070 inaneoris
1119 3012 1228 3068 stete·

247 3103 308 3170 rit.
368 3103 450 3169 Hoc
473 3103 628 3190 propius
653 3099 700 3168 ad
729 3099 844 3170 fidem
872 3101 1034 3187 accedit,
1077 3103 1131 3170 ait
1153 3098 1225 3184 ille,

251 3199 481 3294 quam'quod
508 3201 612 3268 vivus
632 3199 677 3270 iu
691 3201 829 3269 eoelum
846 3203 1013 3270 sublatus
1028 3201 1093 3286 sit3
1119 3213 1225 3290 atque

247 3301 473 3370 confirmant
498 3301 567 3368 viri
586 3302 773 3391 sepientes
801 3314 838 3370 et
859 3325 1025 3391 veraces,
1052 3302 1118 3394 qui
1146 3302 1224 3368 heic

245 3401 445 3472 nobiseum
472 3415 686 3488 versantur,
718 3425 807 3470 eum
837 3403 967 3492 praelio
1002 3401 1224 3494 superfuisse

245 3518 359 3594 atque
380 3513 526 3570 aetetern
554 3501 717 3594 attigisse
745 3524 899 3594 regum,
927 3506 993 3594 qui
1014 3525 1118 3572 nune
1135 3505 1223 3574 Non

244 3605 362 3696 regiae
373 3605 713 3690 imperantannos
729 3603 807 3672 sere
826 3603 1110 3696 quinquaginta.
1164 3606 1221 3674 Tu

239 3723 331 3773 'vero
350 3723 451 3772 nunu
464 3701 527 3769 'dic
545 3702 651 3785 mihi,
673 3703 843 3773 adhucne
859 3703 1222 3778 vivatEinasThans

236 3805 459 3900 »batskredferx
509 3803 610 3872 Vivit
636 3804 769 3891 Einar,
796 3804 849 3874 ait
871 3806 1037 3895 Gaurus,
1064 3819 1105 3874 et
1120 3805 1220 3874 Gim-

243 3904 474 3987 sis'ha'bitat,
498 3901 540 3970 in
560 3903 801 3974 matrimonio
827 3905 1219 4000 habens-Bergljstanr,

242 4006 359 4074 filiam
389 4005 552 4099 dynastae
576 4003 742 4074 Hakonis
768 4005 918 4098 Sigurdi
942 4007 1031 4096 filii,
1065 4007 1097 4076 is
1122 4027 1218 4076 nunc

241 4108 507 4198 praesentarium
524 4101 769 4194 inprovincia
786 4105 1130 4181 Thrandheirnensi
1156 4125 1218 4199 po·-
