2514 4782
290 191 383 284 208
580 219 851 282 Ε
1097 239 1133 308 ο.
1146 239 1166 308 4
1168 245 1210 311 ὦ.

226 413 421 517 inimicos,
449 442 616 522 constat,
632 451 730 516 ,eum
746 427 924 500 omnibus
944 429 1114 525 Iolandis,
1139 449 1208 510 torn

225 519 379 614 priscis,
413 551 526 620 quam
548 530 866 620 recentioribus,
890 533 1025 623 quibus
1061 537 1208 628 quidem

227 621 392 714 simplex
407 647 543 702 natura
561 621 731 706 humana
755 629 895 724 fuerit,
918 633 1057 706 virium
1070 642 1207 736 magni·

225 723 357 798 tudine
372 733 622 822 prevaluisse.
646 767 648 772 ·

344 898 346 910 ,
471 837 534 906 De
553 833 967 934 ArbjiirneElegante.

279 928 366 1024 Cap.
384 945 416 1008 5.
471 925 607 1010 Virvit*
630 958 771 1010 nornen
786 934 862 1004 suit
877 934 970 1024 viro,
988 933 1055 1028 qui
1069 937 1202 1030 oppido

224 1031 375 1104 cuidam
389 1037 524 1109 Daniae
541 1039 706 1130 prefuit,
734 1059 809 1130 quo
828 1035 911 1106 loco
927 1037 1203 1134 Vendilskagius

225 1133 373 1205 dicitur.
427 1141 574 1216 Fratres
588 1141 745 1212 fuerunt
761 1137 883 1210 Virvil
909 1151 949 1208 et
966 1139 1135 1210 Vesetius
1162 1141 1201 1210 de

219 1234 588 1328 Borgundarholmo.
642 1239 763 1316 Virvil
779 1261 941 1309 uxorem
961 1237 1136 1330 duxerat,
1161 1265 1201 1310 ex

221 1339 435 1426 quasillum
458 1341 606 1434 habuit,
629 1339 1029 1426 nomineAsbjornem,
1060 1357 1200 1411 mature

218 1454 508 1532 magnastatura
530 1459 570 1514 et
594 1453 818 1536 venustum,
837 1441 1054 1532 artiumque
1074 1441 1199 1532 peritia

217 1535 316 1615 bene
339 1540 589 1636 instructum,
609 1543 748 1639 ,quovis
771 1543 930 1618 homine
957 1539 1197 1634 urbaniorem,

218 1643 502 1732 quareAsbjbrn
515 1650 675 1744 Ele-gans
699 1646 912 1740 appellatus
935 1637 1011 1713 est(
1052 1646 1198 1720 Eotem-

215 1759 309 1829 pore
340 1747 458 1822 moris
483 1749 577 1840 fuit,
619 1764 663 1823 ut
683 1745 858 1831 feminae,
905 1740 1049 1816 Volvae²
1077 1743 1196 1840 (vates)

213 1839 339 1934 dictae,
378 1851 575 1944 regionem
609 1861 877 1944 peragrarent,
922 1835 961 1916 et
992 1839 1197 1927 hominibus

212 1939 306 2032 fata,
337 1959 483 2018 statum
512 1973 672 2042 annonae
696 1950 869 2042 aliasque
885 1969 956 2035 res,
983 1968 1073 2034 quas
1097 1965 1196 2014 nosse

212 2044 433 2140 cupiebant,
458 2052 724 2144 praedicerent.-
775 2045 994 2131 Haecturba
1021 2045 1067 2114 ad
1086 2045 1195 2118 Virvi·

210 2142 289 2218 lem
307 2152 486 2226 colonum
508 2155 702 2246 pervenit,
725 2173 747 2222 a
770 2171 848 2242 quo
870 2163 971 2220 vates
996 2145 1196 2217 liberaliter

200 2265 366 2338 ,excepta
392 2267 471 2346 est,
505 2279 596 2333 nam
622 2242 890 2350 lautis'simuml
903 2264 1123 2350 apparatum
1146 2261 1194 2317 est

211 2351 439 2442 conririum.
495 2355 595 2428 Cum
617 2381 707 2431 uero
733 2352 911 2424 homines
926 2371 1080 2439 vespere
1097 2348 1193 2418 sedes

208 2467 294 2518 suas
311 2455 580 2550 repetiverant,
603 2443 706 2554 rates
726 2455 772 2524 de
787 2450 950 2529 oraculis
967 2449 1192 2544 consulitur3

204 2569 250 2618 ea
267 2573 359 2636 veros
372 2555 484 2647 dixit,
515 2560 699 2635 Virvilenr
716 2557 896 2644 colonum
913 2549 1056 2644 ibidem
1080 2549 1126 2620 od
1144 2574 1193 2619 se-

204 2665 400 2728 nectutem
413 2659 691 2750 habitaturum,
709 2657 888 2754 frugique
905 2651 1089 2725 rusticum
1106 2651 1193 2722 aesti-

204 2766 350 2828 matum
366 2759 434 2833 iri:
462 2763 696 2856 adolescenti
716 2769 831 2847 vero,
862 2754 929 2848 qui
948 2751 1019 2822 tibi
1041 2750 1190 2842 adsidet,

191 2857 483 2956 paterfamilias,
499 2867 642 2957 volupe
663 2861 752 2950 erit,
775 2882 844 2938 sua
860 2853 990 2926 audire
1006 2851 1095 2941 fata,
1112 2875 1192 2922 uam

202 2955 328 3029 multa
349 2963 446 3048 ¹loca
475 2954 615 3058 obibit,
644 2979 685 3038 et
713 2983 789 3057 quo
812 2983 853 3056 se
877 2957 961 3028 loco
987 2954 1192 3044 plurimum

203 3057 433 3156 continebit,
461 3091 505 3138 eo
524 3067 609 3138 loco
623 3063 785 3160 plurimi
804 3050 1073 3154 aestimabitur,
1097 3055 1189 3124 mul·

200 3159 331 3246 tas'que
349 3185 407 3234 res
431 3169 783 3264 praeclaraegeret,
816 3175 857 3235 et
880 3155 983 3227 'senio
1007 3155 1191 3225 confectus

199 3259 408 3356 morietur,
440 3270 472 3336 si
496 3272 539 3338 in
563 3268 798 3360 provinciam
823 3255 1041 3352 Norvegiae,
1076 3253 1190 3332 Nord-

199 3359 395 3454 moeriam,
427 3383 494 3440 aut
514 3369 669 3463 longius
684 3365 773 3460 inde
790 3381 921 3462 versus
935 3358 1101 3446 boream,
1115 3378 1190 3428 non

146 3486 148 3492 ·
198 3465 404 3544 perveniet.
474 3472 597 3558 Puto,
639 3465 692 3538 air
725 3463 907 3551 Asbjbrn,
942 3482 1005 3528 me
1035 3480 1112 3530 non
1137 3455 1190 3526 ibi

197 3554 293 3650 fato,
321 3589 438 3658 quam
459 3569 545 3663 hic,
577 3569 800 3664 propiorem
823 3584 914 3637 esse.
977 3557 1049 3660 Cui
1071 3569 1187 3630 vates:

197 3677 276 3734 non
293 3667 353 3738 tui
370 3671 520 3764 arbitrii
551 3673 643 3764 erit,
668 3691 758 3764 quae
774 3685 889 3760 agere
912 3661 1072 3758 cogitas,
1105 3681 1188 3731 con-

196 3759 372 3854 nituere,
399 3785 485 3845 tum
498 3797 660 3864 ¹carmen
673 3770 710 3844 ei
727 3763 892 3848 excidit:

198 3899 472 3930 Μ

239 3959 270 4027 ¹)
286 3943 381 4035 Vivil,
409 3984 459 4027 oet.
486 3963 559 4027 omnss
582 3933 692 4046 ubinue.
732 3968 774 4038 J)
795 3965 879 4034 Sunt,
903 3967 950 4036 qui
969 3981 983 4016 a
1003 3961 1123 4016 volvendo
1138 3957 1188 4009 de-

196 4047 304 4104 clinem.
891 4061 894 4066 ¹
