2594 4784
273 265 335 355 to
511 259 515 272 ’
564 283 834 346 =.··...··=·..··..
1072 229 1118 356 ¹c.
1131 291 1227 360 270.

214 497 337 581 filius,
360 491 456 565 mari
475 489 697 564 occidentali
714 490 892 578 traiecto,
913 486 959 560 iro
972 490 1225 586 Norrag'iom

214 594 397 694 pervenit.
452 588 664 686 [Quicum
698 615 745 662 ex
769 589 908 688 Anglia
931 592 1126 680 solvisset,
1162 615 1225 661 ex

213 699 294 769 alto
314 695 461 770 delatus
473 694 520 762 ad
535 693 696 762 insulam
706 694 841 763 Salam
859 691 1037 777 (salutem
1050 715 1082 763 r.
1102 710 1225 764 tran-

214 796 457 892 quillitatem)
475 793 624 882 dietam,
648 810 751 864 extra
763 791 919 864 Statium
936 793 1059 884 sitam,
1087 815 1226 886 appu-

213 899 304 981 lit¹;
333 895 425 968 hinc
449 908 620 966 austrum
640 918 769 992 versus
785 893 831 964 ad
855 892 1065 965 Ulfasunda
1096 895 1223 984 (freta

214 992 413 1090 luporum)
434 1008 575 1084 vectus,
603 1017 689 1064 cum
704 995 824 1084 Fjalas
839 997 1075 1086 praetentatus
1094 1009 1220 1085 esset,

217 1121 329 1169 cursu
348 1098 393 1168 de
410 1096 548 1167 itinere
570 1096 765 1166 communi
786 1094 837 1166 ad*
848 1095 1028 1166 interiora
1048 1096 1220 1183 deflexo,

216 1197 306 1270 duas
322 1199 465 1270 habens
491 1219 605 1276 naves
626 1195 884 1282 mercatorias,
911 1196 1078 1290 singulas
1099 1221 1221 1268 sexa-

216 1301 321 1396 ginta
340 1299 524 1370 militibus
559 1295 780 1383 instructas,
811 1298 859 1366 ad
888 1297 1220 1391 Soudungssunda

215 1400 428 1492 pertendit,
455 1400 585 1490 ibique
605 1397 652 1468 ad
671 1421 823 1468 ancoras
836 1399 977 1474 stetit..
1008 1399 1219 1494 luendam

214 1503 313 1572 freto
348 1523 415 1571 rex
454 1501 592 1570 Olavus
631 1500 827 1570 Hakonem
862 1496 1056 1590 dynastam
1073 1495 1218 1572 ¹Firiki

215 1603 341 1674 filium
355 1625 443 1670 curn
461 1622 597 1696 magna
619 1621 780 1685 suorum
798 1599 1050 1670 multitudine
1077 1602 1217 1670 vitum

216 1705 337 1794 cepit,
360 1703 500 1794 quibus
515 1699 692 1770 omnibus
715 1723 783 1770 rex
801 1701 946 1770 Olauus'·
962 1699 1081 1770 vitam
1102 1724 1217 1770 secu·

216 1804 448 1894 ritatemque
465 1793 666 1886 concessit,
688 1825 732 1870 ea
758 1803 864 1894 loge,
887 1800 1105 1893 utdynasta
1131 1803 1217 1873 Ha-

216 1903 295 1974 lton
312 1923 493 1996 regnum,
518 1901 620 1990 quod
643 1901 713 1970 sibi
736 1901 776 1972 in
794 1901 1215 1994 Norvegiauindicave-

218 2017 294 2090 rat,
320 2003 403 2096 regi
424 2003 541 2072 Oiavo
560 2002 798 2086 concederem
827 2003 982 2093 dynasta
1004 2004 1086 2096 regi
1107 2004 1217 2091 jura-

217 2117 394 2174 mentum
413 2102 606 2194 praestitit,
633 2123 672 2170 se
700 2103 1088 2193 nunquamadversut
1116 2128 1215 2174 eum

218 2203 510 2290 dimicaturum,
536 2225 660 2294 oeque
679 2205 910 2299 Narvegiam
934 2205 1049 2274 armis
1077 2222 1214 2276 contra

210 2329 308 2374 eum
324 2305 587 2392 defensurum,
612 2327 740 2394 neque
761 2327 851 2375 eum
872 2304 971 2373 bello
989 2319 1214 2394 persecutu-

219 2427 318 2474 rum.
372 2407 464 2476 Haec
482 2403 786 2496 quatuordecim²
808 2405 998 2474 hiantibus
1014 2419 1098 2498 poet
1110 2425 1213 2498 pug-

211 2517 310 2580 nam
320 2506 552 2576 valdricam
566 2521 669 2601 gesta
683 2520 782 2576 sunt.
835 2505 1018 2596 Sequenti
1034 2530 1122 2576 vare
1139 2529 1210 2576 rex

221 2607 360 2677 Olavus
377 2620 415 2676 et
432 2606 585 2699 dynasta
604 2608 743 2675 Sveinn
758 2606 927 2678 Habonio
941 2606 1061 2694 iilius,
1087 2607 1212 2678 dorni·

218 2705 304 2776 nica
320 2707 553 2798 palmarum,
579 2720 665 2774 ante
691 2711 788 2778 Nesa
809 2707 1098 2800 (promontoria)
1119 2731 1210 2778 aon·

218 2806 411 2878 flixerunt.
462 2799 509 2876 In
525 2828 599 2897 quo
616 2807 745 2898 praelio
763 2810 940 2903 Etlingus
951 2806 1208 2903 Skjalgifilius

220 2920 259 2976 et
275 2907 389 2979 Einnr
400 2905 721 2979 Thambarskelfir
737 2908 928 3002 multique
943 2907 1009 2980 alii
1024 2908 1096 2980 viri
1110 2931 1209 3002 prae·

132 3041 137 3050 ·
218 3006 307 3078 fecti
325 3009 528 3100 apartibus
548 3007 692 3077 Svoinis
709 3001 873 3101 dynasta
890 3022 1092 3080 steterunt.
1122 3012 1208 3084 Rex

220 3108 380 3194 olavus,
423 3110 494 3177 etsi
516 3108 673 3177 inferior
695 3117 857 3180 numero
881 3112 1095 3202 copiarum,
1134 3110 1210 3181 dis·

219 3208 331 3277 cessit
359 3209 541 3298 superior.
610 3208 750 3278 Sveinn
777 3209 930 3306 fugatus
958 3211 1005 3280 ad
1022 3232 1209 3283 socerum

219 3329 352 3394 suum,
378 3327 509 3401 regem
523 3307 706 3378 Svionur'n
731 3310 920 3404 profugit,
954 3311 1066 3404 eique
1085 3311 1131 3379 de
1146 3334 1208 3382 re·

218 3408 288 3477 bus
306 3431 393 3492 cum
411 3408 529 3478 Olaro
547 3409 674 3477 Crasso
692 3409 802 3504 gestie
824 3410 1008 3502 exposuit.
1067 3412 1209 3484 Sveinn

219 3510 375 3601 dynasta
404 3531 520 3592 mare
535 3511 717 3578 orientale
742 3512 986 3594 (Balthicum)
1003 3513 1120 3582 classe
1146 3512 1208 3584 in·

217 3609 331 3680 travit
371 3626 410 3680 et
452 3633 494 3680 ea
532 3626 658 3680 aestate
702 3609 961 3682 Gardariltiam
996 3611 1207 3700 infestavit,

217 3727 402 3778 autumno
427 3727 576 3799 autern,
609 3735 698 3782 curn
719 3711 761 3780 in
781 3713 950 3784 Sveoiern
976 3714 1206 3799 revertisset,

217 3809 428 3900 implicitus
450 3812 565 3880 estin
584 3816 782 3900 morbum,
807 3837 882 3904 quo
902 3815 1004 3884 diem
1015 3813 1207 3883 'obiits'u-
1224 3839 1227 3846 ·

217 3933 406 4003 premam.
462 3912 602 3982 Olavus
618 3936 706 3984 vero
720 3913 877 3984 Haraidi
901 3913 1003 3984 iilius
1024 3936 1090 3982 rex
1106 3919 1208 3988 Nor-

210 4041 212 4058 !
261 4023 393 4124 ‘iiim-m
409 4023 479 4112 lamii
496 4060 562 4131 {pru
579 4059 626 4114 vid
645 4081 709 4132 eyna
727 4061 807 4128 Salso,
824 4055 938 4132 primum
955 4059 990 4112 ad
1010 4060 1122 4114 ursulam
1140 4060 1206 4114 sel-

214 4156 263 4220 jatn
284 4154 394 4222 appulit,
413 4155 440 4203 S.
485 4147 513 4221 ἶ)
531 4151 728 4222 septemdecim,
747 4148 778 4204 C.
