2534 4778
317 267 405 370 102
514 401 516 406 Ι
601 286 870 352 m
1110 300 1149 361 c.
1169 294 1244 362 4-5.

256 499 354 578 Cum
374 519 463 567 vero
483 491 673 586 strophas,
706 487 879 584 coliginis
905 491 1126 582 effectrices,
1154 491 1244 566 fini-

254 617 368 686 verat,
382 598 548 668 tenebrae
558 597 682 664 aulam
692 593 939 684 occupabant,
958 594 1095 665 obortis
1109 609 1243 664 autem

205 706 209 713 ’
253 700 431 786 tenebris,
450 696 746 766 exsecrationem
760 693 921 788 dynastae
931 695 1116 784 repetivit,
1133 719 1244 766 cum-

257 827 330 895 que
350 799 479 870 ultimi
500 796 646 870 trientis
670 807 816 885 partem
839 793 1078 866 novissimam
1105 795 1243 866 recita-

256 905 384 988 visset,
418 896 598 989 quicquid
621 897 663 964 in
693 893 778 966 aula
806 893 880 964 fuit
911 915 1125 984 armorum,
1161 896 1242 964 sine

255 1025 366 1095 opera
398 1002 586 1082 humana,
626 997 665 1064 in
697 1009 805 1062 motu
836 1008 934 1081 erat,
971 995 1074 1087 quod
1108 997 1241 1069 multis

254 1102 613 1174 hominibusnocetn
633 1097 772 1169 attulit.
826 1097 926 1164 Tum
944 1093 1097 1186 dynasta
1111 1097 1241 1172 animo

256 1202 409 1290 deferit,
455 1220 568 1268 senex
601 1220 689 1272 vero
728 1218 747 1265 e
773 1209 972 1291 conspeetu
996 1196 1144 1270 ablatus
1176 1211 1240 1284 est,

257 1304 391 1373 clausis
416 1299 579 1383 foribus,
612 1299 779 1385 serisque
808 1317 886 1368 non
913 1295 1094 1380 reductis,
1133 1299 1240 1370 finito

258 1404 440 1485 carmine,
479 1397 648 1492 tenebrae
682 1397 932 1494 diffugerunt,
967 1397 1111 1490 luxque
1143 1399 1239 1470 aulas

255 1503 401 1576 reddita
420 1515 485 1570 ost.
540 1503 727 1589 Dynasta,
752 1511 796 1563 ut
813 1496 856 1571 ad
873 1517 912 1562 se
930 1496 1052 1580 rediit,
1078 1521 1240 1568 exsecra-

256 1605 402 1680 tionem
413 1624 452 1669 se
470 1599 622 1694 propius
636 1595 801 1690 tetigisse
819 1595 951 1666 sensit:
975 1597 1130 1693 vestigia
1152 1621 1240 1694 quo·

258 1726 332 1796 quo
349 1703 404 1772 rei
416 1693 651 1794 apparebant,
672 1721 760 1774 nam
777 1711 854 1765 tota
872 1696 1078 1773 defluxerat
1097 1699 1240 1786 barba',

225 1845 228 1854 ·
259 1818 298 1872 et
325 1827 432 1872 corna
456 1801 500 1872 ab
530 1802 648 1868 altera
670 1813 775 1890 parte
810 1796 926 1871 medii
958 1797 1120 1888 capitis²,
1160 1822 1238 1890 qua

260 1903 395 1972 exinde
413 1923 610 1990 nunquam
630 1897 797 1970 recrevit.
851 1901 931 1966 Jam
946 1895 1100 1990 dynasta
1118 1900 1240 1974 aulam

287 1999 434 2094 urgeri,
467 2013 713 2090 mortuosque
740 1997 862 2070 efferri
886 1997 1013 2084 jubet,
1050 2021 1119 2092 pro
1140 2016 1238 2072 certo

258 2026 413 2196 idabem,
434 2097 808 2184 hunoThorloivum,
832 2117 957 2190 neque
973 2122 1103 2172 senem
1123 2100 1239 2170 alium

260 2203 404 2288 ullum,
430 2201 554 2290 fuisse,
576 2199 653 2282 iam
670 2197 789 2272 visum
806 2197 878 2266 sibi
900 2197 1008 2270 caedis
1027 2215 1238 2287 nautarum,

261 2303 524 2394 bonorumque
543 2300 684 2390 rapinae
700 2320 827 2392 poenas
853 2299 1076 2394 expetivisse.
1129 2303 1239 2376 Porro
1258 2277 1259 2365 i

263 2401 531 2498 dynasta,th
557 2400 659 2476 malo
689 2400 862 2486 affectus,
891 2413 1009 2481 totam
1033 2401 1130 2471 hanc
1158 2399 1239 2472 hie-

261 2525 364 2580 mem
381 2524 632 2598 magnamque
649 2516 792 2598 partem
808 2499 941 2575 astatis
957 2501 1145 2576 decubuit.

148 2605 150 2612 ’
412 2603 610 2694 Profectio
634 2601 827 2670 'I'lzorleivi
843 2603 884 2668 in
908 2599 1095 2672 Daniom.
1257 2627 1258 2713 p

315 2701 401 2796 Cap.
418 2710 449 2778 5.
501 2703 587 2776 Hoc
604 2698 649 2772 de
664 2698 868 2774 Thorleivo
885 2702 1125 2790 narrandum,
1147 2700 1240 2794 qnod

264 2819 432 2876 austrum
445 2825 569 2874 versus
586 2801 660 2869 iter
675 2801 716 2872 in
732 2801 894 2871 Daniam
910 2803 1036 2891 flexit,
1062 2803 1101 2874 id
1117 2804 1239 2880 viatici

261 2903 422 2992 habens,
462 2925 537 3002 quo
571 2901 709 2980 aulicos
737 2917 970 2977 emunxerat,
1039 2905 1257 2996 Quantum-t

263 3027 410 3095 cunque
425 3026 513 3074 voro
529 3001 711 3096 temporis
729 3005 771 3072 in
780 3002 916 3080 itinere
933 3005 1151 3090 consumsit,
1169 3026 1239 3076 non

261 3104 366 3200 prius
381 3101 542 3190 destitit,
570 3125 682 3196 qnam
703 3124 833 3198 regern
854 3101 1028 3174 Sveinem
1052 3106 1240 3180 convenis·

261 3259 349 3325 ipsum
375 3253 506 3324 intelligit.
559 3253 645 3306 Ntmr
664 3253 786 3306 bifariam
808 3255 894 3324 accipi
916 3266 1002 3324 potest
1009 3293 1018 3322 ,
1044 3257 1079 3324 a)
1096 3259 1184 3313 notive
1204 3257 1240 3326 (ut

262 3351 365 3413 nmmr),
386 3347 433 3416 qui
451 3348 560 3417 accipit,
582 3348 614 3412 b)
631 3348 744 3417 passive,
766 3343 811 3414 (ut
833 3357 858 3396 et
881 3347 991 3413 norror),
1021 3346 1092 3400 unde
1112 3349 1181 3418 quid
1200 3325 1256 3413 sni

262 3440 356 3504 mitur,
381 3435 523 3508 spoliatus,
549 3438 637 3506 itaque
661 3435 706 3490 vel
723 3453 855 3506 possessor
873 3439 945 3501 auri,
965 3435 1010 3489 vel
1028 3437 1156 3508 spoliatus
1177 3458 1255 3504 avon„

263 3529 336 3598 quod
352 3541 488 3604 utrumque
505 3527 650 3583 Thorleivo
673 3529 811 3593 convenit,
829 3491 990 3599 nadrdt'vgn
1007 3529 1090 3586 lectus
1113 3528 1239 3598 (atr-ntum)

263 3623 405 3690 serpentis,
425 3638 525 3673 aurum·
1254 3609 1255 3692 J

305 3712 335 3780 1)
352 3711 435 3781 pubes
454 3709 544 3768 evulsa
561 3722 623 3776 erat,
643 3707 678 3763 Α.
734 3709 762 3776 ²)
779 3707 892 3781 reikar]
916 3711 1030 3782 reiijor,
1056 3711 1099 3778 ῦς
1127 3697 1255 3782 dhtssii

261 3801 298 3861 A.
340 3799 411 3874 Quid
426 3801 479 3854 reik
493 3805 600 3872 proprie
616 3797 753 3870 significet,
773 3819 827 3852 non
842 3814 911 3858 certo
927 3806 1000 3870 soi03
1019 3805 1049 3856 in
1068 3803 1146 3854 Edda
1162 3787 1254 3854 Siron·¹

261 3907 289 3960 p.
308 3891 359 3944 205
372 3889 538 3960 distingvitur
552 3893 584 3945 ab
599 3890 690 3963 diiflvd',
709 3881 817 3964 ivvirflll,
836 3893 901 3961 dly'r,
922 3896 1010 3965 vdngi,
1028 3893 1133 3959 hnaiii,
1147 3891 1238 3955 svo'rdr,

263 3983 329 4046 mni,
348 3982 435 4059 itaque
449 3985 605 4054 psrsslique
625 3985 716 4052 eapitis
736 3995 782 4038 est·
821 3983 888 4052 Legi
903 3985 947 4037 vel
967 3985 1068 4050 audivi,
1084 3988 1176 4036 neseio
1193 3983 1237 4044 ubi,

262 4069 316 4128 reik
342 4089 399 4124 esse
418 4072 558 4126 dimidium
582 4077 673 4142 capitis
695 4092 710 4126 s
732 4073 817 4130 fronte
843 4073 877 4128 ad
901 4078 1021 4146 occiput,
1049 4096 1101 4156 qna
1121 4075 1239 4134 dividitur

261 4180 345 4228 coms,
367 4179 406 4233 qs.
421 4163 562 4218 discrirnen
572 4165 674 4236 capitis.
940 4169 945 4182 ‘
