2534 4778
83 296 123 356 c.
146 297 182 357 2
465 225 738 342 ¹-------
966 267 1028 356 85

83 491 258 561 R'olfum
275 487 527 582 impugnavit,
554 511 718 578 quorum
738 466 953 562 certaminis
969 493 1090 564 isfuit

1 607 2 676 t
85 591 246 678 exitus,
289 609 333 662 ut
355 591 503 677 Sjonius
528 589 784 658 adversarium
810 591 915 661 hasta
939 593 1088 664 hamata

1 683 2 686 ’
83 691 378 779 transfoderet,
436 691 649 782 Rolfusque
679 705 844 760 mortem
880 709 1085 783 oppeteret.

85 794 202 861 Tum
225 791 393 879 Sjonius:
428 790 481 859 ita
513 791 686 880 demum,
714 789 858 886 inquit,
892 797 1086 886 Norvegiae

83 895 193 960 fines
208 892 359 986 ingredi
381 891 640 978 decreveram,
664 909 705 961 ut
720 915 852 962 necem
877 895 1008 964 Hamae
1031 899 1086 962 ul-

83 991 187 1061 cisci
204 993 417 1075 studerem3
442 993 543 1083 quod
560 992 629 1062 etsi
646 991 687 1062 in
704 1015 770 1081 eo,
803 1017 917 1084 quem
936 1009 1087 1086 optare⁰

80 1094 192 1182 rim,
221 1093 396 1163 obtinere
421 1113 501 1161 non
525 1092 652 1178 licuit,
682 1088 756 1162 hoc
787 1106 914 1164 tamen
947 1096 1084 1164 melius

84 1217 216 1284 quarn
239 1217 317 1264 non
339 1192 519 1286 contigit,
583 1193 761 1280 Haukus,
802 1192 883 1262 haec
909 1196 1083 1282 audieus,

81 1293 320 1384 respondet:
357 1293 491 1384 inquo
514 1293 719 1364 obtinuisse
746 1295 948 1364 malueris?
984 1299 1083 1364 Huic

81 1395 263 1480 Sjonius:
291 1394 333 1464 in
350 1415 442 1486 rege
459 1394 624 1464 Haraldo
643 1411 707 1463 aut
729 1394 949 1466 Thorfinno.
980 1427 982 1442 =
1004 1397 1083 1482 Sju-

79 1496 182 1560 nius
197 1495 242 1564 ad
261 1497 440 1564 Haukurn
456 1494 652 1584 advolans,
677 1496 785 1564 hasta
808 1519 900 1564 eum
924 1497 1080 1586 petivit,

80 1595 250 1664 Haukus
276 1596 415 1682 objecit
435 1595 633 1686 clypeum,
674 1620 788 1686 quern
812 1597 963 1682 Sjonius
992 1621 1081 1665 una-

82 1719 182 1764 cum
197 1693 311 1765 lorica
332 1694 454 1770 Hauki
472 1694 575 1764 tanta
596 1697 629 1762 vi
658 1695 843 1786 pupugit,
867 1712 910 1763 ut
934 1697 1080 1766 ferrum

79 1796 130 1862 in
166 1817 247 1864 ossa
278 1812 518 1888 penetrarem
558 1796 661 1886 quod
690 1817 807 1889 graue
829 1799 963 1866 vulnus
992 1796 1075 1864 fuit.

84 1897 278 1988 Clypeus,
314 1897 485 1986 manibus
517 1897 642 1966 Hauli
673 1917 867 1984 excussus,
906 1899 946 1966 in
975 1895 1079 1966 hasta

81 1997 266 2080 haeserat,
288 2021 404 2087 quare
422 1998 579 2068 Haukus
595 1997 965 2086 ingentemsecurim
989 1999 1078 2065 arri·
1159 2005 1164 2012 “

81 2095 194 2187 puit,
229 2120 348 2188 eaque
374 2097 545 2185 Sjonium
560 2099 766 2189 percussit,
801 2097 901 2165 ferro
917 2099 1078 2164 nocendi

81 2197 317 2288 potestatem
340 2199 551 2268 amittente.
629 2201 731 2270 Tum
759 2197 918 2267 Haukus
950 2217 1077 2264 aversa

81 2296 230 2366 securis
246 2311 353 2388 parte
367 2297 562 2367 brachium
580 2299 699 2386 Sjonii
713 2297 811 2366 infra
826 2297 977 2366 axillam
993 2313 1078 2385 per·

80 2397 224 2484 cussit,
248 2396 341 2465 adeo
360 2411 404 2464 ut
431 2397 729 2494 diffringeretur5
757 2397 988 2468 defluentem
1012 2396 1092 2463 ha·

81 2514 185 2566 stam
203 2497 354 2583 Sjonius
370 2499 487 2566 altera
511 2521 626 2566 manu
649 2499 852 2588 compost,
878 2510 916 2568 et
941 2499 981 2566 in
1008 2495 1074 2563 ho-

80 2599 230 2667 minem
250 2597 416 2686 aliquem
435 2622 480 2667 ex
498 2598 708 2668 Haukiauis
729 2598 860 2682 torsit,
884 2597 1018 2665 deinde
1035 2597 1071 2662 iu

80 2699 232 2790 sylvam
252 2696 418 2794 aufugit,
443 2699 518 2766 suis
536 2721 575 2766 se
592 2701 698 2790 sequi
711 2697 840 2789 jussis,
864 2708 947 2766 tum
967 2695 1074 2763 dimi·

83 2800 147 2866 dia
164 2819 249 2887 pars
268 2820 424 2866 suorum
445 2800 689 2884 occubuerat,
708 2823 763 2888 ¹ex
782 2797 989 2868 Haukianis
1002 2795 1072 2863 viri

83 2914 261 2988 quatuor.
307 2898 451 2992 Quibus
467 2900 580 2992 gestis
598 2899 871 2993 digrediuntur.
905 2895 1073 2979 Haukus,

83 2995 267 3090 obligatis
284 3021 439 3067 suorum
453 2997 691 3084 vulneribus,
719 2998 763 3066 ad
778 2997 949 3068 Eirilrum
972 2995 1070 3086 regis

80 3099 211 3166 filium
231 3099 434 3188 contendit,
458 3099 568 3190 eique
584 3100 756 3166 mandata
777 3099 960 3190 exposuit.
1012 3097 1071 3165 Ei-

81 3194 214 3286 rikus,
251 3200 318 3288 qui
333 3217 441 3268 antea
465 3223 553 3268 eum
574 3200 649 3269 suis
676 3199 855 3270 Gothiam
874 3193 1007 3266 multis
1031 3195 1070 3263 in

80 3297 179 3366 locis
200 3297 448 3390 depopulatus
467 3298 611 3384 luerat,
648 3322 751 3368 nunc
775 3299 924 3369 navales
949 3295 1071 3384 copias

81 3398 258 3487 reduxit,
309 3414 421 3490 atque
457 3416 602 3490 patrem
633 3400 846 3491 Tuusbergi
875 3394 1068 3482 convenit,

81 3523 252 3591 quorum
270 3514 429 3590 uterque
447 3501 576 3585 alteri,
603 3523 686 3590 quae
701 3514 803 3594 gesta
814 3500 981 3584 fuerant,
1008 3519 1068 3561 ex-

78 3599 224 3692 posuit.
278 3601 512 3678 Thorfinnus
532 3617 570 3670 et
584 3602 772 3687 Hjalmar,
799 3599 905 3666 bonis
917 3598 963 3664 ab
980 3617 1067 3687 rege.

79 3699 215 3770 donati
233 3699 477 3787 muneribus,
499 3703 695 3790 amiceque
720 3698 882 3784 dimissi,
906 3709 1067 3787 septem-
1142 3739 1145 3744 -

76 3803 247 3870 trionem
268 3823 398 3869 versus
423 3800 464 3868 in
484 3801 684 3895 Halogiam
707 3813 964 3885 revertuntur,
1001 3797 1076 3887 qui.

75 3903 243 3970 domum
275 3901 429 3970 reduces
461 3903 639 3970 ambabus
679 3903 778 3969 ulnis
811 3898 1065 3990 accipiuntur,

73 3999 214 4070 nutrix
232 4001 443 4086 Thorfinni,
470 4025 514 4070 eo
531 4025 691 4086 reverse,
715 4003 849 4084 taerata,
875 4024 952 4067 rem
965 3997 1065 4064 haud

73 4104 250 4172 multum
267 4103 312 4171 ab
332 4105 547 4190 conjectura
559 4126 624 4173 sua
641 4103 831 4172 aberrasse
841 4098 1063 4192 predicavit.
