2594 4784
287 213 365 332 δι’
578 255 845 286 *·-“···“·”
1009 266 1211 334 oneo-eor.

229 468 397 560 quietem
421 462 579 536 sentiret
603 485 662 551 se,
700 463 747 534 ob
773 459 1036 534 infirmitatem
1065 479 1213 536 nature

225 570 420 683 humanae,
446 566 571 636 subito
592 581 701 634 metu
725 579 841 635 tantae
862 577 1017 656 tamque
1040 581 1215 662 auguste

226 668 379 738 visionis
404 668 606 762 perculere,
645 664 752 756 quasi
778 665 897 736 animi
931 664 1095 757 quodam
1120 665 1215 737 deli-

227 770 315 860 quio
339 769 503 868 gravari,
526 769 648 836 vivus
658 765 748 836 deus
770 789 859 836 eum
884 787 1016 836 serena
1041 789 1133 836 voce
1157 769 1215 838 ef-

223 870 324 940 fatus
343 885 399 939 est
414 869 473 938 his
492 869 631 938 verbist
635 864 753 952 edes,
777 867 831 936 mi
844 855 965 937 care
935 866 964 915 '¹
987 885 1090 942 nunc
1109 869 1215 938 enim

224 985 377 1086 tempus
414 970 521 1040 adest
559 961 710 1038 utendi
707 967 951 1058 fruendique
982 967 1214 1044 dulcissimis

223 1071 411 1163 praemiis,
436 1069 608 1141 laborum
623 1083 775 1138 tuorum
790 1059 1009 1156 fructibus,
1013 1090 1106 1159 quos
1123 1070 1216 1140 utili

225 1187 391 1262 operiret
408 1171 601 1265 diligentia
618 1169 818 1274 collegisti
872 1173 972 1241 Mox
969 1181 1128 1240 sanctus
1145 1169 1224 1240 ille.

224 1293 291 1342 rex
316 1273 450 1344 olavus
475 1291 610 1342 somno
643 1253 926 1364 expergefactus
948 1283 1031 1358 est,
1068 1271 1215 1358 majore

107 1383 109 1388 ’
225 1371 400 1486 perfusus
426 1367 544 1441 animi
567 1373 779 1462 voluptate,
807 1391 921 1462 quam
946 1371 1067 1441 verbis
1089 1372 1217 1462 expri-

224 1473 280 1542 mi
304 1485 437 1564 queat,
462 1489 621 1564 propter
643 1465 739 1541 hanc
765 1473 958 1542 coelestem
987 1472 1217 1542 consolatio-

225 1597 315 1642 nem
342 1587 379 1642 et
399 1574 649 1666 promissum,
687 1592 756 1642 nec
780 1593 861 1642 non
884 1573 1131 1642 ¹confinnutus
1156 1595 1218 1642 se-

227 1675 387 1743 renitate
411 1690 450 1742 et
475 1671 642 1742 claritate
667 1671 803 1740 divine
833 1666 1001 1763 visionis,
1037 1672 1079 1742 in
1102 1675 1217 1743 corde

227 1775 308 1862 ejus
335 1775 382 1844 ob
401 1774 474 1843 hoc
489 1787 692 1868 augustum
714 1773 838 1842 visum
852 1763 1036 1867 fulgente.
1090 1775 1218 1868 Quare

152 1921 155 1928 -
226 1875 336 1944 laetus
364 1874 407 1942 in
431 1887 599 1966 pugnam
623 1875 803 1965 processit
827 1888 956 1944 contra
984 1873 1217 1944 adversarios

224 1995 328 2060 suos,
351 1993 473 2064 eoque
490 1993 690 2068 congressu
704 1973 885 2043 eximiam
896 1978 1025 2044 reruni
1043 1997 1218 2044 commu-

225 2075 410 2144 tationem
436 2089 612 2166 expertus
636 2087 709 2144 est:
743 2094 833 2144 nam
857 2089 1029 2145 terrestre
1050 2095 1217 2171 regnum

229 2195 318 2244 curn
343 2167 487 2244 coeiesti
511 2174 775 2262 commutavit,
801 2187 839 2244 et
854 2175 1223 2245 victoriaecoronam

225 2275 411 2370 sangoinis
436 2277 495 2346 sui
517 2275 701 2344 effusione
719 2287 943 2344 consecutus
969 2289 1042 2359 est3
1067 2276 1218 2372 etenim

225 2374 359 2446 lethali
385 2377 542 2446 vulnere
564 2378 749 2448 sauciatus
780 2377 826 2446 ab
856 2376 1023 2446 inimicis
1059 2389 1221 2470 propser

224 2489 393 2545 sanctam
418 2478 624 2568 justitiam,
662 2499 711 2546 ex
734 2477 843 2546 foedis
867 2475 982 2564 hujus
996 2477 1144 2547 misere
1158 2476 1219 2546 vi-

224 2589 273 2645 te
298 2578 580 2647 tabernaculis
570 2599 611 2649 ιιι
628 2591 824 2673 augustam
841 2577 1005 2647 coeie'stis
1024 2577 1132 2676 regni
1146 2589 1217 2646 ιἰιι-

224 2676 303 2746 iam
328 2679 530 2767 concessit,
554 2671 705 2748 inmens
728 2697 857 2774 regem
882 2677 1065 2774 omnium
1077 2689 1217 2773 regum

224 2775 274 2845 in
290 2779 410 2874 gloria
431 2798 518 2868 sua,
545 2771 744 2849 dominum
767 2765 939 2848 nostrum
957 2781 1083 2850 Je'sum
1103 2779 1219 2849 Chri·

224 2891 337 2966 stum,
364 2892 403 2946 et
429 2897 518 2949 oum
543 2899 591 2948 eo
615 2899 689 2950 una
710 2897 880 2975 regnans
891 2879 942 2950 in
959 2894 1101 2950 edema
1117 2887 1218 2972 paee

224 2992 265 3046 et
289 2978 425 3070 gaudio
449 2980 531 3048 sine
556 2980 670 3048 flue&

256 3079 366 3168 QCap
382 3089 454 3150 281.
509 3079 1218 3175 EinarThembarskelier'grevemani

224 3197 288 3246 mo
316 3195 443 3247 curem
470 3195 508 3248 et
538 3181 695 3272 longum
732 3179 900 3249 dolorem
930 3181 1091 3270 pertulit
1121 3193 1215 3270 post

223 3276 373 3347 obitum
404 3279 500 3396 regis
536 3281 643 3349 orari
675 3280 859 3394 Tryggvii
887 3280 957 3349 filu
965 3331 977 3366 ,
1009 3290 1062 3348 ut
1085 3281 1215 3350 ιιιιιΙιί

222 3373 289 3446 aiii
313 3379 440 3448 intimi
466 3379 547 3466 ejus
574 3380 703 3463 emisi,
729 3398 813 3448 raro
830 3379 932 3450 enirn
952 3381 1112 3449 solidam
1127 3393 1219 3470 pee-

224 3477 328 3568 cepit
344 3481 592 3571 voluptatem,
610 3479 946 3596 plerumquedomi
964 3480 1145 3570 desideres,
1167 3505 1216 3552 ex
1281 3537 1282 3558 ,

224 3601 302 3668 quo
334 3605 356 3649 e
382 3581 513 3649 Svecia
545 3602 717 3650 reversus
743 3581 785 3649 in
811 3583 972 3673 gretiam
998 3600 1086 3650 cum
1119 3593 1215 3676 iege

223 3679 340 3749 Olevo
355 3683 491 3750 Sancto
508 3681 681 3752 redieret.
737 3678 892 3774 [AEstare
912 3681 1075 3772 'quadem
1092 3682 1212 3753 Einar

220 3799 379 3876 peregre
403 3779 614 3874 profectus,
646 3780 999 3878 primum‚trejecto
1019 3781 1117 3854 mari
1145 3803 1211 3852 oc·

222 3881 400 3952 cidentali
434 3883 614 3978 Angliem
648 3883 795 3980 attigit,
839 3881 1006 3974 indeque
1035 3897 1209 3956 euenum

224 4076 226 4090 .
260 4030 455 4106 ¹)samsdlogi‚
475 4039 556 4101 socie,
576 4035 636 4090 edd.
657 4033 688 4090 C·
730 4024 760 4103 τ)
779 4035 875 4098 Amen,
899 4033 961 4092 add.
982 4031 1020 4104 ὗς
1048 4033 1138 4089 Shoc
1157 4053 1208 4089 ω·

218 4139 265 4200 pul
286 4129 392 4182 brevius
408 4129 524 4198 exponit,
543 4128 616 4180 nulle
634 4127 699 4182 facte
714 4129 826 4181 visionis
846 4128 987 4179 mentione.
