2514 4782
28 3 32 39 i

24 46 31 137 i

64 248 170 317 cre.
406 228 679 298 ΣΞ
878 219 966 308 171

21 429 22 504 ἶ
62 463 170 520 ratum
186 445 227 517 in'
243 456 319 514 tres
334 457 457 538 partes
475 442 655 530 divisum,
683 447 724 515 et'
734 443 1035 515 edredimendo‘s

21 559 22 584 ²
62 551 185 620 multos
202 546 366 637 captivos
388 545 614 616 christianos
636 546 818 616 donatum
831 569 917 616 esee.
942 549 1035 616 Tre·

64 651 168 719 ditum
191 665 255 734 est,
278 661 443 738 etsupra
463 669 615 737 quoque
630 663 895 732 memoratum,
908 647 1034 740 Signo

63 753 140 820 dum
154 749 396 839 episcopum,
422 763 507 838 post
526 747 699 848 praelium
716 749 967 836 sadducum,
993 747 1036 819 in
1135 799 1138 810 a

63 849 216 920 Sreciam
235 851 477 928 concessisse,
511 849 641 939 ibique
668 849 734 920 diu
758 866 1037 919 commoratum

63 952 175 1020 inisse.
237 950 311 1022 Hic
344 951 435 1020 dum
461 967 626 1020 versatus
650 964 726 1036 est,
764 950 917 1023 Sviones
938 970 1037 1039 saepe

46 1049 190 1120 'audivit
205 1049 384 1138 dicentes,
402 1071 533 1140 regem
550 1052 711 1121 Olovum
722 1051 902 1147 Tryggvii
914 1049 1038 1118 filium

66 1176 102 1220 ex
120 1151 354 1242 Serpentem
370 1175 476 1235 mare
494 1167 749 1246 progressum,
763 1167 806 1221 et
818 1175 905 1221 cum
926 1149 1039 1221 armis

64 1253 157 1344 aquis
180 1251 418 1322 submersu-m
433 1252 561 1343 fuisse,
587 1254 715 1344 sicque
726 1253 891 1346 periisse.
945 1255 1039 1345 Quae

66 1375 140 1422 cum
155 1352 363 1444 loquentes
376 1353 542 1441 audiret,
568 1355 758 1446 quaesivitt
786 1355 911 1443 dicite,
939 1373 1040 1444 quae·

66 1475 113 1540 so,
136 1453 169 1520 si
182 1477 248 1524 rex
266 1453 412 1522 Olavus·
424 1457 607 1552 Tryggvii
629 1457 728 1525 filius
746 1456 845 1528 mari·
870 1455 1041 1524 submer-

68 1577 118 1621 sus
132 1556 264 1646 periit,
286 1570 331 1624 nt
350 1547 511 1646 putetis,
536 1559 602 1649 qui
618 1560 678 1639 fit,
702 1572 749 1626 ut
765 1556 893 1628 eodem
912 1551 1040 1640 lorice,

68 1677 129 1744 qua
146 1656 185 1724 in
204 1655 335 1746 praelio
356 1679 447 1726 usus
464 1672 531 1747 est,
557 1659 807 1750 conspiciatur
825 1654 1042 1745 Hierosoly·

68 1755 128 1824 mis
145 1758 184 1824 in
202 1762 589 1850 magno‘monnsterio
604 1781 802 1851 suspensa,
833 1772 877 1827 ut
901 1754 1043 1826 ibidem

67 1856 167 1948 vulgo
179 1873 314 1926 notum
330 1859 410 1927 est?
437 1874 553 1930 curve
565 1861 668 1934 hasta
683 1877 722 1933 et
740 1861 847 1952 galea
866 1861 1043 1948 ejusnere

70 1959 263 2028 Antiochiae
275 1963 554 2032 monstrantur?
565 1965 698 2054 quisve·
708 1959 777 2029 has
791 1985 849 2030 res
864 1963 1043 2030 interrae

70 2056 146 2124 adeo
165 2061 392 2153 longinquas
410 2063 567 2150 detulit„
583 2066 626 2133 -si
641 2065 715 2151 ibi,
742 2077 785 2130 nt
804 2061 955 2146 dicitis,
980 2057 1044 2126 de·

70 2178 185 2230 mersae
201 2160 316 2230 sunt?=
339 2166 429 2247 Haec
446 2164 587 2238 dicenti
608 2163 856 2256 respondent:
873 2163 919 2234 -si
940 2171 1043 2228 certo

70 2261 174 2346 nosti,
198 2284 324 2356 regem
346 2264 507 2335 Olatum
525 2291 545 2334 e
564 2267 697 2357 praelio
721 2266 855 2333 vivum·
876 2261 1043 2348 evasisse,

72 2357 104 2425 id
116 2361 364 2450 probabilibus
394 2369 628 2460 argumentis
650 2369 881 2453 demonstra,
902 2375 949 2432 ut
967 2383 1045 2430 cre·

73 2457 147 2526 dere
164 2463 360 2552 possimus.
415 2469 507 2558 Quae
526 2493 612 2538 oum
630 2469 823 2556 dixissent,
850 2465 1047 2556 episcopus
1090 2517 1120 2550 Ι.
1212 2493 1217 2500 =

72 2559 326 2654 aliquantisper
342 2568 482 2654 tacuit,
508 2593 584 2638 non
603 2593 668 2656 eo,
694 2567 796 2660 quod
818 2566 1047 2654 veristarhgu·

72 2663 193 2732 mentis
210 2663 361 2735 adrem
378 2669 610 2759 probandam
624 2670 828 2741 destitutus
844 2680 957 2751 esset,
983 2659 1049 2731 sed

73 2758 166 2851 ideo,
192 2761 294 2854 quod
310 2767 409 2838 hanc
429 2771 489 2839 dei
508 2787 712 2864 gemmam,
736 2792 836 2860 saepe
852 2766 1049 2836 laudatum

74 2881 187 2952 regem
221 2867 405 2954 olavum,
436 2867 615 2940 monachi
645 2873 779 2941 habitu
812 2869 1048 2949 occultatam,

73 2965 178 3048 porcis
202 2967 365 3053 objicere
390 2973 537 3058 noluit,
589 2971 798 3044 secundum
832 2969 932 3038 dicte
961 2969 1049 3035 Jesu

75 3060 220 3157 Christi,
251 3069 304 3137 ita
328 3069 508 3142 dicentis:
549 3067 1049 3168 nolite‘gemmaaaofferre

73 3181 183 3249 porco.
235 3174 284 3240 Et
304 3186 504 3264 propterea
528 3175 728 3266 episcopus
749 3173 803 3242 sio
832 3169 946 3240 dixit:
973 3189 1051 3236 mas

71 3262 136 3331 luit
150 3291 214 3336 rex
238 3271 396 3361 olavus,
422 3277 636 3367 proutipse
656 3277 755 3346 bene
770 3272 895 3362 novit,
918 3269 987 3340 uni
1014 3279 1051 3334 ot

73 3384 150 3436 vero
181 3369 251 3440 deo
280 3371 544 3444 indesinenter
570 3377 731 3459 servire,
756 3395 871 3467 quem
902 3373 1051 3460 lapsum

73 3482 327 3551 perversorum
358 3474 587 3565 hominurn,
634 3479 773 3570 quibus
803 3495 843 3542 se
874 3469 1051 3562 prodesse

73 3585 141 3637 non
154 3589 263 3659 posse
283 3575 528 3666 previdebat,
552 3578 696 3646 diutius
718 3588 889 3645 avertere
910 3567 1050 3640 ceneri.

298 3677 410 3744 More
440 3679 607 3768 &gurdi
621 3676 811 3769 spiscopi.
1049 3677 1054 3688 '

117 3767 201 3861 Cap.
217 3783 248 3846 5.
275 3774 335 3843 Sic
346 3793 499 3866 qunque
514 3777 732 3871 deSigurdo
746 3775 925 3867 episcopo
937 3769 1053 3864 scrip·

72 3876 147 3938 tum
155 3873 356 3962 reperitur,
377 3877 605 3968 quod-'edm
623 3892 732 3959 aetate
747 3888 946 3970 provectus
964 3883 1054 3960 eret,

73 3966 114 4035 ad
124 3975 317 4064 oppidum,
341 3979 658 4078 vemdtdictutn,
684 3979 878 4072 concessit,
903 3973 1053 4050 ubi-deo

77 4069 336 4096 ⁸·-··---—·-—-

112 4105 141 4168 ¹)
158 4105 279 4171 Verund,
298 4106 327 4160 S.
