2534 4778
288 211 350 304 96
577 166 846 294 ·“·“-------·“····’-··--··“·---1
1047 210 1050 215 ’
1082 247 1213 314 cst-3.

224 440 351 534 vertit3
378 461 452 535 quo
469 437 588 526 iacto,
612 436 779 510 trabibus
793 437 891 509 inter
903 429 1075 512 tabernas
1090 442 1217 530 injec-

225 545 295 633 tis,
340 563 470 612 omues
503 539 698 614 Thorlsivi
733 539 852 609 socios
891 544 1070 632 suspendi
1107 544 1213 614 iecit.

227 644 365 717 Abiens
383 641 516 712 deinde
534 663 619 708 curn
635 635 710 708 suis
727 638 904 730 dynasta,
928 665 1093 733 merces,
1120 663 1211 734 quse

227 742 432 818 Thorleivo
461 741 630 827 fuerent,
667 761 797 808 secum
825 741 1000 829 obstulit,
1049 758 1088 813 et
1120 767 1216 814 cum

227 847 303 916 suis
324 842 544 936 dispertivit.
612 845 776 931 Vespere
802 839 1028 912 Thoriei'vus
1050 844 1216 914 domum

121 953 123 958 '
227 966 416 1032 reversus,
456 965 544 1012 cum
572 961 661 1010 suos
687 953 748 1024 (ut
772 939 1055 1030 iecit)'visitnre
1081 945 1215 1032 vellet,

226 1045 316 1116 iacti
333 1044 488 1137 vestigia
514 1040 779 1134 deprehendit,
812 1041 902 1132 quid
926 1042 966 1112 in
982 1044 1100 1113 socios
1125 1068 1216 1113 suos

229 1143 474 1216 commissum
499 1156 611 1230 esset,
634 1138 707 1210 sibi
734 1141 983 1232 persuadens,
1008 1143 1083 1212 hoc
1098 1158 1215 1234 turpe

227 1247 371 1326 facinus
385 1269 405 1314 s
418 1243 569 1313 nemine
588 1241 674 1330 elio,
693 1261 809 1331 quem
824 1239 991 1330 Halone,
1005 1257 1155 1334 patratu
1162 1269 1214 1332 rn,

230 1346 431 1438 diligenter
461 1343 506 1413 de
529 1345 598 1414 ltac
627 1359 667 1410 re
698 1343 929 1432 perquisivit.
995 1347 1086 1439 Qun
1122 1367 1216 1415 cum

228 1448 315 1518 vere
336 1444 557 1536 accepisset,
581 1443 651 1511 hos
674 1463 802 1510 versus
818 1441 938 1516 fuditt

279 1543 550 1618 Perhorrescit¹
570 1541 719 1613 enimus
741 1542 880 1625 mihi3¹

277 1645 425 1737 juvenis
445 1645 624 1714 damnum
645 1663 775 1732 passus
794 1656 872 1729 est5

280 1746 389 1817 video
412 1745 541 1836 plene·
560 1744 603 1814 in
620 1741 767 1836 lingula

285 1845 447 1940 [cineres
461 1843 606 1935 scaphae
629 1858 669 1926 ,et
692 1845 831 1915 navist

280 1949 372 2032 ille,
399 1944 465 2036 qui
486 1965 677 2040 aggressus
700 1957 755 2013 est
774 1945 1017 2034 comburere,

283 2047 420 2118 damno
434 2053 575 2136 poete,
599 2043 842 2135 elephantum
859 2045 991 2116 undae⁴
1007 2081 1056 2102 -

283 2146 471 2240 quiescit,
496 2169 543 2216 en
563 2165 641 2212 non
665 2145 843 2214 curbones
858 2147 967 2216 nevis

283 2248 330 2318 ad
351 2263 516 2317 atrocem
529 2245 609 2333 ejus
623 2241 829 2315 vindictam
849 2269 912 2316 me
929 2245 1122 2343 instigent.

567 2345 628 2416 De
659 2346 872 2414 'lirorleivm

285 2449 373 2540 Cep.
392 2455 423 2521 3.
474 2447 563 2516 Post
583 2445 656 2514 hoc
682 2459 859 2514 eventum
881 2443 1022 2520 dicitur
1036 2447 1213 2520 Thorlei·
1264 2507 1265 2510 η

231 2573 317 2638 vus,
344 2546 525 2618 conducta
539 2546 581 2616 in
597 2541 691 2616 nave
708 2561 960 2615 mercatorum
974 2549 1214 2642 quorundam

231 2665 401 2735 vectura,
437 2660 608 2716 austrum
630 2667 757 2715 versus
773 2647 814 2715 in
831 2646 988 2716 Daniem
1011 2649 1214 2744 navigasse,

231 2772 358 2846 regem
374 2748 550 2816 Sveinem
573 2747 803 2836 convenisse,
830 2759 869 2816 et
892 2747 993 2836 apud
1018 2771 1108 2816 eum
1131 2751 1214 2820 hie·

231 2873 335 2920 mem
361 2847 590 2942 transegisse.
627 2863 629 2866 ·
658 2847 735 2914 Ubi
758 2867 848 2916 cum
880 2869 959 2917 non
988 2846 1213 2938 diuideret,
1263 2877 1264 2884 ¹

232 2943 292 3020 die
309 2947 472 3044 quodem
491 2965 622 3038 regem
645 2945 758 3036 adiit,
786 2959 825 3015 et
847 2946 893 3014 ab
917 2969 961 3016 eo
985 2949 1139 3037 petivit,
1171 2964 1214 3018 ut

233 3041 408 3133 carmini,
442 3046 544 3138 quod
570 3045 615 3114 de
638 3047 719 3136 ipso
748 3045 1036 3134 composuisset,
1058 3051 1213 3118 audien·

231 3149 324 3218 tiam
343 3146 538 3239 preberet.
589 3147 691 3232 Rex,
715 3170 765 3216 en
781 3154 893 3238 poete
916 3160 1029 3236 esset,
1053 3149 1214 3219 interro·

233 3247 345 3344 gavit.
406 3245 633 3319 Thorleivus
656 3247 876 3337 respondet:
901 3246 942 3316 id
966 3269 1036 3338 pro
1070 3273 1115 3319 eo
1146 3265 1213 3340 est,

232 3381 497 3401 nnn-m

269 3444 300 3516 ¹)
320 3442 427 3506 trelliu,
443 3453 616 3510 exasperetur,
636 3453 723 3494 contre
737 3455 812 3496 metr.
824 3441 859 3507 A,
874 3445 930 3494 sine
944 3443 1036 3512 dubio,
1051 3449 1119 3498 vitio
1131 3448 1214 3500 libre·

231 3538 274 3602 rii,
290 3552 338 3604 pro
351 3531 458 3596 lrrcllist,
475 3533 646 3590 contristatur.
673 3532 719 3600 ¹2)
729 3534 803 3600 tulus,
817 3531 852 3584 Α·
895 3529 1046 3601 ὓσητινίω-
1054 3538 1160 3605 inurar,
1181 3541 1213 3592 G.

204 3643 205 3650 ¹
230 3638 303 3680 svart
320 3623 353 3675 rii
369 3625 463 3674 drands
481 3622 512 3673 ok
528 3621 652 3689 inarrar,
675 3626 748 3692 nigre
765 3624 873 3692 vestigio
892 3626 998 3692 perticae
1017 3639 1041 3677 et
1067 3632 1153 3696 nevis,
1172 3630 1213 3694 A,
1261 3609 1262 3616 ἵ

231 3736 265 3770 ex
289 3735 340 3786 que
365 3713 478 3766 lectione
518 3713 646 3777 conjicere
677 3714 755 3782 lieet,
783 3732 815 3770 το
849 3711 934 3764 evomi
965 3715 1133 3769 scribendum
1159 3735 1212 3770 esse

231 3802 335 3870 everrit,
359 3801 411 3854 nisi
432 3801 443 3853 i
464 3799 646 3872 peregogicurn
672 3801 721 3870 sit,
748 3823 822 3854 svarr
844 3815 929 3854 eutem
952 3817 1015 3874 puto
1042 3825 1098 3859 esse
1123 3808 1162 3858 id.
1187 3827 1211 3878 q·

231 3893 320 3965 svarf,
343 3912 419 3963 prop.
443 3905 555 3946 tumente
581 3895 689 3960 metelli,
713 3893 739 3944 h.
766 3889 786 3945 l.
814 3891 940 3962 fragmina
962 3891 1105 3949 combustus
1129 3899 1212 3949 nevis.

203 4049 206 4060 .
231 3979 260 4052 4)
276 3988 296 4036 i.
320 3995 343 4036 e.
358 3993 469 4052 uorem
491 3986 576 4054 potuit
591 3997 696 4054 quoque
711 3982 792 4035 scribi
814 3983 938 4056 ildujy'i,
965 3987 1109 4058 equuleum
1123 3987 1211 4054 undae,

230 4073 324 4130 eodem
343 4089 428 4125 sensu.
